2424 4036
136 472 164 520 et
184 458 272 519 multo
286 455 414 536 plurimis
435 454 611 516 continenter
627 453 829 515 incommodis¹
853 448 1012 516 conflictari
1027 455 1070 516 lro·

137 556 225 616 mines
240 574 304 617 cum
322 554 489 634 permoleste
503 551 613 628 ferrem,
631 568 661 619 ut
678 550 824 613 acerbitati
837 551 953 613 tandem
976 553 1071 615 mesti-

135 652 242 716 tudinis
265 651 406 713 nonnichil
424 650 617 710 medicaminis
640 663 667 711 et
692 648 896 710 consolationis
926 669 960 710 err
981 650 1071 712 studio

132 750 289 811 litterarum
300 748 472 823 adhiberem,
490 748 594 808 tentavi
608 746 700 808 victus
708 745 794 807 ferme
804 746 986 826 impacientia
1002 767 1070 828 que·

136 848 200 909 relis
215 847 391 930 gravioribus
421 846 549 906 miseram
574 845 717 905 hominum
748 844 943 907 conditionem
964 846 994 906 in
1008 865 1071 907 con-

137 959 273 1025 temptum
293 944 442 1007 adducere.
466 943 509 1005 Fit
524 942 597 1003 enim
614 943 779 1022 plerunque,
800 956 832 1003 ut
853 942 898 1003 cui
914 944 989 1004 malo
1009 964 1071 1024 pre-

136 1056 298 1104 sentaneum
316 1062 372 1103 non
394 1041 531 1103 succurrit
556 1040 720 1115 remedium,
737 1039 827 1101 acrior
856 1040 926 1102 illud
955 1039 1034 1103 furor
1047 1056 1074 1103 et

137 1141 345 1218 stlhlomacatio
361 1140 482 1220 quedam
500 1153 549 1200 aut
567 1137 686 1220 mitiget,
704 1151 753 1199 aut
767 1138 859 1204 tollat.
871 1138 975 1201 Paucis
990 1139 1074 1220 igitur

137 1238 306 1299 carminibus
321 1238 463 1319 graviores
479 1236 621 1297 hominum
637 1233 882 1298 incommoditates
901 1237 1033 1317 persequi
1047 1251 1073 1298 et

136 1336 287 1414 complecti
304 1334 406 1396 michi²
421 1334 499 1396 visus
514 1354 586 1410 sum,
599 1334 679 1413 quasi
695 1332 840 1394 incitatam
849 1333 1072 1415 indignationem

136 1434 189 1493 alia
205 1448 290 1512 atque
305 1433 358 1493 alia
382 1432 576 1511 superadjecta
598 1430 791 1512 indignatione
812 1449 953 1496 sanarem.
971 1438 1070 1494 Verum

136 1530 183 1590 ubi
199 1550 215 1590 a
230 1528 301 1591 furia
316 1550 394 1590 mens
407 1530 524 1610 fatigata
538 1528 656 1609 quievit,
671 1527 803 1590 carminis
817 1548 925 1589 memor
939 1530 1068 1606 Davitici,

136 1643 330 1689 verumtamen
342 1627 369 1687 in
384 1628 505 1708 imagine
519 1626 667 1705 pertransit
678 1626 772 1701 homo,
782 1626 829 1687 sed
841 1625 945 1688 frustra
956 1643 1068 1689 contur-

137 1725 253 1803 batur33
271 1726 425 1806 caligantes
443 1724 635 1804 indignatione
656 1739 684 1785 et
701 1743 807 1784 merore
828 1723 955 1802 dejectos
975 1726 1069 1786 oculos

137 1843 215 1884 mens
232 1823 341 1897 extulit,
361 1838 387 1883 et
404 1822 454 1884 Dei
469 1822 612 1883 recordata
629 1822 767 1882 delectata
782 1836 834 1895 est,
852 1821 1030 1905 tristemque,
1042 1837 1070 1882 ut

136 1936 178 1981 est
193 1921 267 1999 apud
285 1920 476 1995 psalmistam,
494 1919 775 2000 scopuitspiritum4,
793 1919 977 1981 reminiscens
993 1920 1070 1982 mise·

135 2018 273 2078 rationum
304 2018 436 2095 Domini3
459 2018 506 2097 qui
532 2017 560 2077 in
588 2016 715 2077 militiam
745 2016 900 2096 profectum
931 2019 1069 2080 hominem

135 2115 276 2176 laboribus
306 2136 368 2176 eum
391 2131 417 2177 et
455 2116 557 2195 pugnis
588 2129 708 2191 exercet,
737 2134 772 2175 ne
804 2115 839 2175 ad
872 2114 1070 2197 beatitudinem

135 2212 304 2275 destinatum
341 2213 551 2292 sempiternam,
582 2213 761 2292 tranquillam
792 2213 864 2273 inter
890 2214 1068 2275 fluctuantist

135 2311 192 2371 vite
216 2312 353 2390 procellas
380 2310 503 2389 requiem
530 2330 559 2370 se
583 2327 728 2371 nacturum
758 2323 897 2389 expectet,
937 2311 984 2372 sed
1022 2331 1071 2392 pe-

136 2409 268 2488 regrinari
311 2429 341 2469 se
379 2424 511 2487 tanquam
550 2409 685 2469 advenam
730 2407 880 2489 intelligat,
931 2409 976 2469 cui
1023 2429 1071 2469 nec

135 2520 206 2566 terra
224 2506 259 2567 sit
274 2526 325 2566 nec
345 2506 444 2567 civitas
466 2521 601 2585 perpetuo
631 2506 788 2579 incolenda,
823 2505 952 2585 sciatque
980 2507 1071 2567 dicere

135 2623 197 2663 cnm
218 2595 369 2683 propheta:
388 2605 474 2663 Incola
489 2624 537 2681 ego
549 2625 604 2663 sum
624 2605 650 2663 r'rr
669 2602 759 2664 terro⁶
774 2618 802 2664 et
818 2604 984 2685 peregrinus
1001 2605 1071 2665 sicut

135 2722 231 2762 omnes
247 2717 340 2781 patres
355 2702 437 2765 meir.
457 2709 519 2785 Quo
537 2702 577 2778 frt,
595 2716 624 2762 ut
639 2723 689 2781 pro
710 2701 767 2763 vite
783 2701 920 2764 brevitate
945 2703 1070 2764 intendat

171 2932 189 2964 1.
210 2916 372 2971 lnccmmodis,
387 2931 485 2977 manque
500 2916 557 2963 dans
573 2926 600 2969 Α,
615 2916 655 2964 lol.
673 2930 708 2978 35.

165 3003 186 3034 2.
205 2988 268 3034 Ililri.
284 2989 342 3035 Ibid.

166 3073 187 3120 3.
207 3060 302 3119 Probra,
317 3065 441 3119 XXXVIII,
458 3076 480 3122 7.

166 3144 189 3191 4.
209 3131 277 3188 IIII,
294 3137 390 3191 irrui,
406 3147 428 3193 7·

166 3218 186 3262 ς.
207 3202 348 3249 Fluctuautis
368 3202 415 3263 (e'd.
431 3203 527 3264 Balig.).

164 3272 188 3320 ὁ.
208 3274 303 3332 psalm,
321 3279 421 3330 CXVIII,
441 3288 476 3333 19.
1097 3333 1102 3343 Ι

163 3358 187 3406 7.
205 3350 268 3391 Certe
288 3345 386 3392 seconde
401 3348 474 3405 parile
489 3345 516 3392 de
536 3347 555 3391 la
578 3347 659 3406 plrrase
678 3346 833 3407 n'nppartient
848 3358 889 3406 pas
909 3360 939 3394 au
957 3358 1032 3396 verset
1048 3359 1068 3396 et

133 3414 190 3464 n’est
207 3431 246 3477 pas
260 3416 388 3478 davantage
407 3417 463 3463 dans
479 3418 499 3463 la
516 3418 592 3476 Bible;
606 3416 660 3465 c'est
677 3418 914 3465 vraisemblablement
928 3433 974 3467 une
991 3419 1068 3482 ampli·
