2424 4036
571 304 745 362 -186-

192 437 323 516 Hispanis
339 438 409 500 inter
425 437 585 515 jocandum,
601 438 691 498 Gallia
707 457 743 498 ne
755 438 791 500 sit
808 457 845 498 an
861 437 983 499 Castella
994 435 1123 500 feracior.

192 543 254 596 Non
269 536 342 596 enim
358 537 421 597 illos
436 536 519 596 audio
537 536 597 596 sine
613 536 698 596 animi
716 535 842 598 molestia
857 556 919 597 sese
938 536 1125 616 telluremque

191 759 322 819 preambule
334 757 362 806 de
376 770 411 807 cet
423 771 487 808 acte:
503 776 515 804 1
533 759 647 806 universis
660 769 776 819 presentes
797 758 884 806 litteras
910 757 1127 818 inspecturisoiti-

191 831 254 877 cialis
271 831 412 878 Belvacensis
426 832 522 878 salutem
535 832 557 877 in
572 831 676 877 Domino.
691 837 778 878 Notum
792 829 889 876 iacimus
905 828 1002 877 dilectos
1013 840 1036 877 et
1047 829 1125 876 fideles

192 912 283 949 nostros
294 903 428 962 magistrum
449 903 576 950 Johannem
598 903 625 950 de
639 901 764 948 Bourdellis
784 901 943 964 presbyterum
962 910 985 948 et
998 901 1125 949 iohannem

192 973 313 1021 castellam
332 974 446 1031 clericum,
473 974 535 1021 curie
554 974 697 1021 Belvacensis
719 973 854 1020 tabelliones
877 973 974 1033 juratos,
1002 972 1030 1019 ad
1052 971 1124 1019 inira·

192 1044 275 1104 scripta
291 1054 312 1091 et
327 1046 371 1090 alia
386 1045 471 1104 majora
487 1058 499 1091 a
516 1046 581 1093 nobis
603 1054 741 1104 potestatem
762 1044 872 1092 habentes
892 1053 916 1093 et
933 1043 1018 1104 quibus
1038 1043 1063 1090 in
1083 1043 1126 1090 hiis

192 1127 214 1162 et
233 1115 356 1176 majoribus
378 1116 428 1163 aliis
447 1116 514 1163 sidem
534 1116 652 1162 indubiam
674 1116 818 1174 adhibemus,
839 1129 900 1162 anno
917 1114 1018 1175 ejusdem
1036 1114 1126 1161 Domini

196 1186 297 1247 1474die
307 1189 375 1234 tercia
387 1188 470 1235 mensis
481 1187 582 1234 octobris
592 1187 685 1247 vidisse,
699 1188 800 1234 tenuisse
818 1201 844 1233 ac
858 1186 886 1234 de
901 1187 970 1234 verbo
986 1186 1014 1233 ad
1029 1187 1125 1234 verbum

192 1259 273 1319 legisse
291 1258 402 1317 quasdam
423 1268 527 1318 patentes
542 1258 630 1304 litteras
652 1272 691 1318 per
716 1259 807 1304 modum
830 1258 980 1318 transsumpti
1006 1271 1047 1304 seu
1063 1269 1127 1304 tran·

193 1328 270 1388 scripti
285 1330 328 1375 sub
342 1329 417 1391 sigillo
433 1331 499 1377 curie
515 1340 537 1376 et
551 1329 640 1390 signeto
655 1330 792 1376 venerabilis
812 1340 834 1376 et
848 1329 940 1377 discreti
961 1329 1004 1376 viri
1019 1327 1126 1376 officialis

194 1400 329 1446 parisiensis
348 1400 370 1447 in
386 1415 436 1447 cera
450 1401 516 1447 viridi
528 1412 549 1448 et
565 1402 631 1447 rubra
648 1400 764 1447 confectas
786 1401 902 1462 signoque
916 1411 938 1448 et
953 1400 1126 1460 subscriptione

193 1471 295 1532 magistri
319 1471 430 1518 Francisci
454 1473 587 1529 perrebouc,
608 1472 735 1534 presbyteri
752 1471 895 1530 parisiensis,
910 1471 933 1518 in
948 1472 998 1532 jure
1012 1470 1126 1518 canonico

193 1541 316 1600 licenciati,
334 1543 425 1602 publica
444 1545 588 1602 appostolica
603 1542 656 1604 (sic)
668 1553 690 1590 et
712 1543 823 1604 imperiali
848 1543 1026 1591 auctoritatibus
1047 1541 1126 1589 Curia-

194 1627 289 1672 rumque
303 1614 484 1660 conservationis
499 1614 670 1675 privilegiorum
684 1616 742 1661 alme
753 1614 818 1661 matri
833 1613 980 1661 universitati
999 1613 1126 1660 parisiensi

194 1694 300 1730 asancta
321 1684 378 1732 Sede
401 1686 527 1745 apostolica
545 1687 625 1732 asserti
648 1685 731 1732 notarii
754 1685 823 1746 jurati
846 1685 965 1746 ipsiusque
986 1683 1127 1745 episcopalis

193 1755 266 1802 scribe
284 1755 387 1816 signatas
409 1766 430 1803 et
447 1756 596 1816 subscriptas,
619 1770 686 1803 sanas
704 1767 726 1803 et
749 1757 858 1817 integras,
883 1770 928 1802 non
952 1757 1057 1813 vitiatas,
1080 1769 1126 1802 non

194 1829 286 1873 abrasas
301 1841 342 1874 nec
359 1827 382 1873 in
402 1828 479 1888 aliqua
495 1828 529 1873 sui
550 1837 614 1888 parte
631 1838 758 1888 suspectas,
774 1828 813 1875 sed
831 1829 892 1874 omni
913 1842 1006 1888 prorsus
1025 1828 1085 1875 vicio
1100 1840 1126 1873 ac

194 1899 339 1958 suspectione
352 1910 463 1957 carentes,
476 1911 500 1946 ut
512 1899 583 1959 prima
603 1899 663 1946 lacie
675 1901 809 1959 apparebat,
831 1900 927 1946 formam
950 1911 995 1958 que
1011 1898 1125 1959 sequitur,

194 1970 370 2017 continentes...
384 1977 466 2017 Datum
481 1981 502 2017 et
522 1981 599 2017 actum
612 1971 634 2017 in
650 1977 764 2030 parqueto
780 1971 892 2030 superiori
903 1969 963 2016 dicte
977 1970 1045 2017 curie
1062 1970 1126 2016 pari-

192 2041 284 2097 siensis,
299 2054 360 2088 anno
377 2042 465 2088 Domini
489 2055 543 2102 1473
563 2042 624 2103 (sic),
641 2041 768 2088 indictione
783 2053 845 2088 sexta
862 2040 1009 2101 pontificatus
1023 2040 1125 2100 ejusdem

195 2118 233 2158 SS.
252 2113 341 2159 Domini
361 2113 433 2159 nostri
454 2114 510 2160 Sinti
532 2128 589 2174 pape
616 2114 657 2171 iiii,
680 2126 741 2159 anno
756 2112 866 2159 secundo.
892 2137 922 2146 ·-
947 2111 983 2158 Sic
998 2111 1124 2174 signatum,

196 2190 378 2235 pennssoucoe
388 2191 413 2230 Et
422 2199 456 2230 me
470 2185 590 2231 Franciseo
601 2185 734 2243 perrebouc,
747 2185 880 2246 presbytero
895 2183 1028 2239 parisiensi,
1045 2183 1126 2242 injure

195 2255 306 2300 canonico
332 2256 460 2313 licenciam,
489 2257 579 2315 publico
604 2256 730 2316 apostolica
754 2267 777 2302 er
808 2255 918 2316 imperiali
947 2255 1125 2301 auctoritatibus

195 2326 360 2386 curiarumque
374 2327 553 2373 conservationis
563 2328 732 2387 privilegiorum
745 2327 802 2373 alme
818 2327 883 2372 matri
897 2325 1044 2372 Universitati
1060 2327 1125 2372 pari·

195 2396 264 2442 siensi
280 2411 291 2443 a
307 2408 385 2443 sancta
402 2397 458 2444 Sede
479 2398 604 2457 apostolica
628 2398 769 2444 indultorum
792 2407 814 2443 et
832 2397 968 2457 episcopalis
989 2397 1126 2443 parisiensis

196 2469 285 2513 notario
303 2468 389 2527 jurato,
405 2470 523 2528 ipsiusque
538 2469 673 2528 episcopalis
688 2470 772 2515 scriba.
789 2484 800 2512 n
816 2469 880 2515 nrclr.
896 2479 942 2517 nat.
961 2475 976 2514 1.
993 2480 1046 2528 325,
1060 2473 1087 2514 n⁰
1103 2482 1114 2514 2

197 2545 225 2583 La
239 2540 357 2599 signature
367 2539 394 2587 de
410 2541 515 2598 Franqois
530 2541 656 2586 perrebouc
673 2552 705 2587 est
718 2540 825 2600 apposee,
849 2553 903 2586 avec
923 2554 964 2585 son
980 2538 1078 2599 signum,
1095 2553 1123 2586 au

197 2611 236 2655 bas
257 2610 287 2656 du
306 2611 372 2657 traite
387 2611 506 2657 d'alliance
534 2613 615 2657 conclu
636 2611 648 2656 a
669 2611 741 2669 paris,
766 2611 778 2658 a
799 2613 819 2656 la
834 2610 886 2657 date
904 2610 934 2657 du
953 2623 978 2670 ²3
997 2612 1125 2669 septembre

200 2695 265 2741 1475,
281 2693 344 2728 entre
356 2684 376 2728 le
389 2683 421 2728 roi
433 2682 459 2727 de
473 2683 572 2738 castule,
588 2682 616 2728 de
631 2683 689 2728 Leon
705 2693 726 2729 et
742 2682 769 2728 de
786 2683 903 2743 portugal,
923 2682 1038 2741 nlpbonse
1056 2687 1085 2739 V,
1105 2694 1127 2728 et

197 2752 263 2798 louis
273 2759 315 2808 .xl,
330 2764 351 2799 et
365 2753 420 2799 dont
431 2753 544 2813 l'original
557 2754 706 2799 estconserve
715 2768 758 2799 aux
771 2753 877 2799 Archives
893 2753 1030 2811 nationales,
1047 2759 1056 2799 1
1068 2754 1125 2809 605,

196 2827 221 2868 n⁰
234 2822 271 2870 81.
288 2829 328 2870 Cet
343 2825 480 2870 instrument
493 2838 504 2868 a
518 2824 552 2869 ete
564 2824 640 2883 publie'
656 2824 829 2885 integralement
843 2828 918 2883 parG.
935 2829 1038 2881 Daumet,
1052 2820 1127 2871 Etude

195 2908 233 2940 sur
245 2895 354 2941 l'ulliunce
368 2895 395 2941 de
411 2896 433 2941 11
457 2901 540 2941 France
555 2902 576 2941 et
597 2895 624 2940 de
648 2897 670 2940 11
696 2895 830 2942 Costilleau
847 2899 894 2939 1111ο
909 2902 930 2940 et
947 2902 1027 2940 1111111·
1049 2895 1128 2942 sieclcs

196 2967 279 3023 (paris,
308 2967 373 3027 1898,
396 2968 464 3021 111-8),
481 2981 519 3026 pp.
541 2979 583 3025 253
598 2977 619 3012 et
634 2982 685 3026 sqq.
704 2973 731 3012 Le
748 2969 772 3012 16
787 2967 905 3012 decembre
931 2968 997 3025 1482,
1014 2967 1122 3025 pranqois

198 3039 322 3084 Ferrebouc
333 3039 403 3099 ligure
416 3052 502 3084 comme
514 3055 524 3080 1
540 3037 680 3084 tresorierde
693 3037 777 3098 l‘e'glise
791 3037 818 3083 de
833 3038 932 3096 hospital
943 3038 1003 3083 saint
1014 3042 1121 3097 lacques,

197 3123 236 3155 rue
248 3110 307 3156 saint
324 3110 390 3156 [lenis
404 3127 425 3165 n,
447 3110 503 3155 dans
526 3109 628 3154 l’Entrart
642 3109 671 3153 du
686 3111 778 3167 registre
793 3109 832 3154 des
846 3109 1024 3167 appointemens,
1055 3116 1125 3167 actes,

196 3188 309 3227 sentences
322 3189 342 3228 et
356 3189 433 3227 autres
455 3182 549 3240 erplnr'ts
567 3181 594 3226 de
609 3181 736 3226 l'anditoire
751 3181 802 3226 civil
822 3180 851 3225 du
877 3180 988 3226 Clrastelet
1003 3179 1030 3225 de
1047 3181 1123 3237 Puris,

199 3253 256 3297 sibl.
279 3264 337 3308 nat.,
360 3253 522 3299 Clairambault
545 3258 599 3312 7⁶4,
616 3266 672 3311 page
689 3254 741 3299 281.
761 3253 776 3296 11
792 3266 819 3297 ne
836 3251 885 3296 faut
900 3264 941 3310 pas
956 3251 976 3296 le
991 3250 1126 3307 conlondre,

199 3337 239 3383 par
253 3325 402 3383 consequent,
419 3338 478 3387 avec
494 3325 598 3382 pranqois
618 3324 750 3380 Ferrebouc,
771 3336 812 3369 son
843 3336 915 3368 neveu
940 3336 994 3367 sans
1015 3321 1097 3379 doute,
1117 3322 1129 3367 a

199 3405 257 3442 cette
276 3394 328 3442 date
342 3395 421 3442 enlant
441 3395 567 3442 mineurde
582 3394 618 3442 feu
637 3395 710 3441 pierre
727 3395 860 3452 l‘errebuuc,
875 3404 965 3454 sergent
978 3393 989 3439 a
1008 3393 1095 3451 cheval,
1110 3403 1131 3439 et
