2424 4036
600 305 781 383 -380-

217 441 367 518 scribendi,
377 442 425 504 sed
434 460 486 502 nec
496 440 707 520 introspiciendi
717 439 873 501 rethoricen
884 454 974 516 tuam,
995 460 1156 522 quanquam

217 543 277 619 ejus
299 560 344 602 me
358 539 508 622 singularis
531 538 678 618 inscriptio
700 538 863 602 delectaret.
888 539 1071 601 Abeuntibus
1097 554 1158 620 post

219 642 331 720 longam
347 636 603 699 confabulationem
616 635 726 711 amicis,
741 635 769 696 in
784 636 845 715 ipsa
859 635 947 698 ferme
965 653 1052 700 nocte
1069 638 1161 698 media

220 757 252 798 ea
267 735 388 797 delibavi
401 755 456 814 que
471 734 548 814 operi
572 748 621 795 tuo
644 735 728 814 longe
750 734 917 813 preluseras,
940 735 990 796 ubi
1012 736 1081 797 illud
1096 751 1158 798 ante

220 832 314 894 omnia
335 852 379 893 me
402 830 554 893 oblectavit
575 831 650 910 quod
665 831 813 912 theologos
833 850 1008 912 magnopere
1025 833 1157 894 admones

219 930 380 993 felicissirne
394 930 473 1003 artis,
486 949 540 1010 qua
556 930 616 990 sine
631 928 715 990 nichil
734 928 894 990 concionari
913 930 957 990 vel
974 931 1100 1010 graviter
1115 931 1156 991 vel

221 1028 366 1110 splendide
381 1041 510 1112 possunt.
529 1027 646 1108 Reliqua
663 1046 728 1088 vero
742 1027 765 1088 si
781 1027 882 1088 librum
893 1027 1032 1088 diversari
1049 1048 1157 1108 parum-

222 1147 270 1208 per
284 1126 358 1205 apud
372 1144 417 1186 me
431 1124 516 1200 sines,
531 1126 622 1206 legam
636 1124 786 1205 diligenter
794 1146 801 1202 3
813 1124 919 1204 quippe
930 1126 976 1186 cui
989 1125 1058 1188 insit
1071 1127 1158 1187 omnis

221 1223 331 1285 dicendi
348 1223 478 1300 majestas
491 1241 554 1284 cum
569 1222 689 1301 jucunda
705 1237 764 1284 turn
780 1222 941 1284 extimanda
961 1224 1090 1288 maximi.
1109 1232 1159 1286 Ce-

223 1337 310 1384 terum
325 1340 380 1400 que
395 1321 430 1381 de
445 1341 489 1381 me
500 1319 575 1380 fama
585 1319 635 1382 tibi
651 1320 815 1402 sugarrivit¹
829 1319 867 1381 ita
879 1320 1115 1399 interpretabere,
1131 1336 1159 1382 ut

223 1419 344 1500 primum
359 1417 466 1499 cogites
478 1417 581 1499 quibus
595 1416 793 1480 autoritatibus
819 1437 880 1479 eam
895 1419 1061 1498 suscepisti.
1086 1419 1160 1480 Alios

225 1517 299 1580 enim
314 1516 514 1592 benivolentia,
528 1516 661 1588 emulatio
678 1531 705 1578 et
719 1516 791 1576 livor
807 1515 888 1591 alios,
902 1517 1043 1595 quosdam
1062 1518 1159 1598 yronia

225 1616 369 1688 sollicitat,
386 1635 439 1696 ego
465 1634 509 1674 me
530 1615 605 1675 intus
620 1628 648 1676 et
666 1614 695 1675 in
722 1628 785 1675 cute
806 1615 883 1678 novi.
903 1621 1054 1695 Utcunque
1069 1629 1161 1676 tamen

227 1716 262 1775 de
276 1712 345 1775 meis
360 1712 530 1774 carminibus
542 1711 677 1790 judicium
690 1711 785 1786 facies,
803 1731 948 1773 censuram
966 1727 1045 1773 tuam
1062 1729 1090 1774 et
1105 1734 1162 1774 eru·

226 1813 348 1874 dirorum
364 1811 489 1872 omnium
512 1810 605 1872 subire
628 1830 685 1871 non
700 1811 834 1887 verebor3
850 1809 925 1889 quod
941 1830 1010 1872 vero
1029 1813 1102 1874 tanti
1121 1832 1163 1873 me

228 1910 314 1972 habes
336 1923 367 1971 ut
395 1928 485 1969 meam
511 1908 729 1970 familiaritatem
762 1922 889 1988 expetas,
918 1909 1025 1989 gratias
1049 1910 1161 1989 quidem

228 2008 317 2068 habeo
332 2026 388 2068 non
401 2008 540 2089 vulgares.
559 2007 611 2066 Sed
640 2006 705 2067 vide
720 2026 754 2067 ne
782 2007 849 2066 dum
872 2026 887 2065 a
904 2004 1047 2067 vestibulo
1070 2007 1162 2068 favum

228 2120 275 2166 aut
292 2107 332 2184 lut
356 2105 446 2184 inquit
467 2104 608 2177 Pliniusl²
633 2104 714 2165 lactis
728 2103 874 2185 gallinacei
898 2103 1032 2165 haustum
1057 2124 1159 2184 speras,

227 2202 304 2262 arida
328 2201 421 2262 omnia
439 2221 501 2262 cum
531 2200 678 2262 intraveris
704 2200 844 2261 invenisse
870 2201 1024 2265 declames.
1052 2203 1082 2262 Si
1098 2203 1160 2283 quid

229 2321 294 2361 vero
312 2300 363 2362 erit
380 2301 454 2380 quod
468 2302 511 2360 vel
527 2319 655 2360 amenum
672 2301 715 2360 vel
732 2299 879 2359 ridiculum
894 2319 928 2358 ex
945 2285 1061 2367 metibi
1080 2302 1161 2362 desu-

230 2418 303 2458 mere
320 2398 423 2476 possis‚
441 2411 517 2457 utere
532 2412 562 2459 ut
577 2399 654 2458 voles
669 2396 871 2457 consuetudine
889 2397 1040 2475 parvitatis
1057 2414 1157 2460 nostre.

230 2497 308 2560 Vale.
327 2495 408 2574 Apud
429 2496 565 2570 Parisios,
585 2495 637 2573 iiij.
656 2513 743 2555 nonas
760 2493 825 2554 Maii
837 2509 858 2557 r.

263 2717 282 2750 r.
301 2700 447 2762 Surgarrivit.
464 2709 490 2757 rt,
503 2700 543 2748 lol.
560 2703 589 2747 28
605 2705 638 2746 v⁰.

261 2788 282 2820 z.
302 2789 314 2816 u
378 2781 403 2818 ut
415 2773 449 2819 vel
460 2773 525 2818 lactis
538 2772 657 2834 gallinacei
666 2785 756 2833 sperare
767 2771 840 2831 possis
851 2772 873 2818 in
887 2772 1004 2820 volumine
1015 2774 1123 2820 haustum
1136 2786 1158 2817 v:

229 2845 301 2901 Pline,
317 2850 371 2891 Nat.
388 2844 489 2901 historin,
507 2843 546 2890 liv.
563 2849 579 2899 l,
595 2857 616 2903 p.
632 2857 656 2890 21
675 2843 743 2902 (e'dit.
757 2844 865 2899 Lemaire,
883 2842 957 2894 Paris.
972 2844 1053 2904 1827),
1067 2859 1089 2905 p.
1104 2858 1126 2890 21
1141 2853 1160 2890 et

227 2926 280 2961 note
294 2928 324 2975 43
342 2912 441 2971 Erasme,
458 2921 531 2974 Opera
548 2915 629 2973 omnia,
648 2924 663 2960 t.
683 2920 724 2969 111,
739 2915 803 2960 lettre
823 2928 875 2974 357,
892 2914 936 2961 col.
957 2927 1018 2975 375;
1035 2916 1067 2962 du
1088 2915 1159 2967 meme,

226 2986 316 3046 Adagia
329 2985 401 3044 (Belle,
420 2988 485 3045 1536,
499 2985 599 3043 in-fol.),
615 2991 660 3032 Lac
674 2986 833 3046 gallinaceum,
850 2998 890 3044 pp.
910 2983 1025 3046 196-197.

260 3069 280 3116 3.
300 3063 364 3104 Certe
378 3057 443 3103 lettre
457 3067 490 3102 est
509 3056 599 3117 publiee
613 3070 655 3116 par
672 3063 705 3102 Du
726 3056 822 3117 Boulay,
839 3066 855 3102 t.
873 3061 899 3113 V,
916 3070 939 3115 p.
957 3055 1020 3115 906;
1037 3058 1080 3105 elle
1097 3057 1160 3117 figure

227 3127 284 3173 dans
301 3129 333 3175 les
346 3142 387 3174 ms.
406 3127 433 3173 de
447 3128 566 3186 l'nrsenal,
583 3140 649 3185 1021,
667 3141 689 3189 p.
705 3126 764 3187 4²83
782 3139 848 3185 roaz,
865 3141 906 3189 pp.
922 3129 1015 3187 281-23
1040 3131 1106 3187 1228,
1124 3127 1159 3173 lol.

226 3212 272 3259 459
286 3204 315 3244 Ψ·
