2424 4036
601 301 778 360 -268-

221 437 335 516 ignarus
349 435 434 496 latine
447 436 623 511 elocutionis,
639 452 669 499 ut
682 437 873 499 memorabilia
882 453 978 500 nostre
988 439 1073 500 etatis
1081 439 1153 501 litte-

222 534 259 594 ris
271 533 455 608 committam,
469 534 518 594 tibi
535 535 741 616 maxime-inter
751 536 870 607 aulicos
881 537 1018 601 versanti.
1031 538 1153 599 Urbana-

224 650 284 691 rum
299 650 365 690 vero
380 650 470 691 rerum
486 651 543 691 non
556 652 617 691 sum
632 631 715 692 anxie
730 632 867 708 curiosus,
879 633 987 713 quippe
997 635 1047 714 qui
1058 634 1154 694 bonam

224 731 278 791 diei
294 743 402 809 partem
418 729 494 789 dorni
510 730 603 810 exigo,
626 729 673 790 ubi
687 730 756 805 :curn
773 730 875 792 libellis
891 732 961 792 meis
979 732 1154 805 confabulor,

224 829 272 908 qui
287 849 332 889 me
349 847 397 907 per
412 827 507 887 orbem
523 827 720 888 circumferunt
734 840 738 868 ¹
757 829 823 889 dum
847 830 919 891 alius
948 831 977 891 in
993 831 1072 905 Asia,
1088 831 1157 891 alius

225 928 252 989 in
269 927 369 1008 Lybia,
385 926 455 987 alius
471 946 520 1005 per
539 926 651 987 Lacium
670 940 698 987 et
714 926 843 1001 Galliam,
860 947 904 988 res
919 929 987 989 olim
1003 944 1100 1009 gestas
1114 948 1157 989 re-

225 1025 287 1088 fert.
297 1033 354 1085 Nec
368 1024 397 1084 in
412 1023 492 1085 terris
508 1024 626 1084 mussito
640 1044 759 1103 semper,
776 1024 849 1086 feror
861 1025 1001 1086 interdum
1017 1025 1114 1100 altius,
1132 1026 1159 1087 et

226 1123 352 1201 proxime
366 1123 401 1182 ad
417 1142 533 1201 superos
553 1121 645 1201 rapior
661 1122 781 1183 lectione
790 1141 930 1183 sacrarum
945 1123 1156 1203 scripturarum.

227 1221 277 1281 His
293 1221 420 1301 rebusnfrt
436 1235 465 1281 ut
480 1221 682 1294 necbellorum
701 1220 856 1296 molestias,
874 1241 925 1282 nec
937 1221 1158 1302 urbis'strepitus

227 1318 373 1379 exaudiam
384 1341 391 1397 3
402 1318 455 1379 nisi
469 1319 598 1398 quodjme
613 1338 813 1398 nonnunquam
824 1319 1039 1381 scolasticorum
1057 1321 1158 1382 clamo-

224 1406 270 1478 'res
286 1432 313 1479 et
328 1418 406 1497 juges
424 1417 482 1477 rixe
492 1416 669 1480 contristant.
686 1425 708 1478 A
723 1417 827 1496 quibus
839 1432 900 1479 orta
917 1432 960 1478 est
970 1418 999 1478 in
1011 1418 1159 1500 deligendo

228 1534 370 1606 postremo
386 1531 490 1578 rectore
511 1516 623 1598 gravior
638 1517 721 1598 longe
748 1535 832 1595 quarn
857 1516 924 1576 olim
952 1517 1014 1577 visa
1039 1532 1082 1580 est
1097 1537 1159 1580 con-

229 1616 328 1691 tentio,
342 1615 404 1676 aliis
419 1616 448 1677 in
460 1615 534 1675 alios.
545 1633 620 1675 nunc
644 1614 780 1675 conviciis
797 1633 871 1675 nunc
898 1615 1078 1677 contumeliis
1090 1629 1160 1677 atro-

229 1716 314 1777 citer²
330 1714 531 1797 pugnantibus,
549 1733 605 1774 non
628 1714 708 1775 aliter
727 1733 760 1775 ac
781 1712 926 1774 aleciarias
948 1726 976 1774 et
996 1714 1159 1792 piscatrices

228 1813 307 1875 aiunt
319 1833 379 1874 sese
390 1812 543 1888 criminari,
567 1827 594 1874 et
608 1812 681 1873 feros
696 1812 834 1874 interdum
850 1831 959 1891 ungues
973 1811 1119 1873 involvere
1133 1812 1160 1873 in

228 1910 381 1991 capillos33
396 1931 447 1972 nec
463 1909 539 1991 prius
554 1910 647 1973 triduo
664 1925 724 1972 toto
739 1908 893 1971 discessum
908 1922 952 1970 est
966 1929 1053 1989 quarn
1068 1909 1160 1990 biceps

265 2144 284 2177 τ.
302 2130 505 2178 circumferuntur.
523 2137 549 2188 Α,
564 2129 603 2176 fol.
622 2141 659 2190 30.

263 2216 284 2249 2.
304 2201 433 2249 Attrociter.
449 2202 506 2248 thid.

265 2286 285 2333 3.
304 2279 345 2319 Ces
360 2272 467 2332 proce'de's
481 2272 567 2320 e'taient
586 2272 660 2319 entre's
680 2271 738 2318 dans
752 2273 784 2319 les
799 2285 881 2318 moeurs
896 2269 1070 2317 uniuersitaires
1085 2269 1113 2316 de
1127 2268 1162 2316 l’i·

232 2359 316 2405 poque.
330 2350 360 2389 En
376 2346 442 2403 1489,
454 2344 473 2390 le
488 2345 616 2391 Parlement
626 2342 668 2390 dut
677 2343 811 2391 intervenit.
824 2359 835 2388 n
847 2348 890 2389 Sur
902 2343 933 2388 les
944 2351 1063 2400 requesres
1076 2340 1164 2387 baillees

233 2426 255 2463 et
270 2415 350 2461 faictes
365 2414 377 2462 d
393 2416 413 2461 la
429 2421 499 2462 court
515 2424 564 2461 tant
579 2429 620 2475 par
632 2415 663 2460 les
678 2425 767 2462 recteur
778 2424 800 2461 et
810 2427 899 2460 aucuns
909 2412 1017 2459 docteurs
1028 2412 1069 2459 des
1079 2412 1164 2458 baultes

235 2487 339 2534 Facultez
354 2486 381 2532 de
395 2486 539 2533 l’tlniversite
554 2486 581 2532 de
595 2486 667 2542 Paris,
684 2500 764 2548 regens
779 2495 801 2532 et
816 2495 892 2532 autres
909 2484 936 2530 de
952 2483 1024 2530 ladite
1042 2481 1164 2530 universiti

234 2572 279 2619 que
293 2572 334 2618 par
349 2571 436 2604 aucuns
451 2558 501 2604 eulx
518 2557 596 2604 disans
609 2556 707 2617 deputez
722 2557 750 2603 de
765 2557 785 2603 la
804 2555 894 2604 Faculte
907 2555 946 2602 des
964 2562 1020 2613 Ars3
1039 2560 1114 2602 Veues
1128 2567 1166 2614 par

234 2631 254 2676 la
276 2639 341 2676 court
358 2628 448 2675 lesdites
464 2639 587 2688 requesres,
601 2629 632 2675 les
647 2628 812 2675 deliberacions
828 2627 909 2674 faictes
924 2640 965 2686 par
983 2626 1016 2673 les
1032 2626 1129 2673 nacions
1141 2625 1166 2673 de

234 2701 303 2749 ladite
319 2698 409 2747 Faculte
422 2699 462 2746 des
476 2708 515 2746 Ars
531 2699 597 2746 mises
613 2713 653 2759 pur
672 2699 751 2746 devers
769 2699 838 2746 ladite
857 2706 930 2755 court,
949 2707 972 2744 et
988 2711 1020 2759 oy
1037 2699 1058 2745 le
1075 2707 1167 2759 rapport

235 2773 345 2819 d'aucuns
358 2770 523 2817 commissaires
535 2771 628 2816 commis
643 2770 654 2816 a
670 2768 715 2831 oyr'
724 2770 815 2817 lesdites
828 2769 921 2829 parties,
931 2777 954 2815 et
966 2778 1018 2815 tout
1033 2763 1165 2816 considere:

234 2846 255 2891 la
271 2852 337 2890 court
351 2846 363 2888 a'
377 2840 479 2889 ordonne
491 2852 513 2887 et
528 2841 630 2889 ordonne
645 2856 689 2901 qne
703 2839 743 2901 par
755 2838 801 2887 l'uri
817 2840 856 2886 des
869 2836 978 2886 huissiers
992 2837 1084 2887 d'icelle
1096 2849 1166 2895 court,

235 2915 247 2961 ὲ
263 2917 283 2960 la
299 2912 465 2974 congregacion
481 2913 520 2972 qui
535 2912 625 2959 dernain
640 2927 688 2960 sera
701 2912 770 2959 faicte
784 2926 797 2958 a
813 2912 873 2957 saint
889 2910 974 2969 Julian,
989 2922 1053 2969 pour·
1063 2910 1168 2970 procedet

235 2985 247 3032 ὲ
261 2985 372 3032 l'eleetion
385 2983 451 3030 dudit
463 2993 551 3030 recreur
565 2982 635 3030 s'elon'
645 2985 676 3030 les
694 2993 777 3042 staruz,
794 2978 957 3029 reformations
972 2989 998 3028 et¹
1009 2978 1168 3028 ordonn'ances

236 3057 316 3103 faictes
329 3070 370 3116 par
385 3057 404 3103 le
414 3055 452 3102 feu
465 3055 566 3102 cardinal
576 3057 729 3117 vulgamrnent
740 3053 828 3114 appelle
839 3051 1011 3099 d’Estouteville
1024 3050 1168 3113 et'avecques

236 3142 260 3174 ee
279 3142 323 3188 que
337 3126 429 3174 defense
448 3127 496 3173 leur
510 3127 645 3173 sera'faicte
663 3126 731 3186 qu'ilz
748 3122 867 3172 ne'facent
881 3137 983 3170 aucunes
999 3118 1130 3172 insolences
1144 3130 1169 3170 ne

237 3213 338 3246 aucunes
353 3213 423 3260 voyes
437 3198 469 3246 de'
478 3198 519 3245 fuir
532 3213 559 3244 en
570 3197 639 3256 ludite
649 3196 745 3244 election
761 3212 799 3243 sur
812 3197 877 3257 peine
887 3195 914 3242 de
926 3195 1004 3254 prison
1019 3190 1043 3242 ei
1052 3191 1169 3243 d'a'm'ende

237 3271 370 3328 arbitraire3
387 3283 408 3317 et
429 3270 643 3321 neanunoinsleur
664 3283 712 3315 sera
733 3266 811 3315 notifre
831 3281 874 3327 que
893 3259 915 3312 la
936 3264 1002 3313 court
1024 3267 1132 3326 enjoiudt*
1143 3280 1181 3314 au.

237 3353 327 3404 prevosr
345 3342 372 3389 de
394 3343 465 3397 Paris,
481 3357 515 3388 ses
531 3343 673 3387 lieuxtenans
689 3349 710 3386 et
727 3339 894 3385 examinateurs
913 3353 942 3384 ou
958 3339 1086 3407 Chastellet
1105 3338 1171 3398 qu¹ilz

238 3430 261 3462 se
276 3414 399 3461 informent
413 3414 452 3461 des
469 3414 595 3459 insolences
615 3423 637 3460 et
658 3424 726 3474 voyes
741 3410 769 3457 de
789 3410 830 3458 fait
849 3410 905 3457 dont
924 3404 1034 3458 mention
1055 3421 1092 3459 est
1106 3412 1171 3459 faicte
