2424 4036
524 339 705 400 „350-

150 461 257 530 Castro,
282 474 338 516 non
363 454 573 516 predicatorum
591 455 725 516 Ordinem
752 470 849 535 aperta
864 457 996 519 oratione
1019 457 1077 539 (nisi

148 567 240 614 mente
254 567 353 632 captus
367 555 418 628 est)
438 551 577 634 significo,
592 552 640 632 qui
657 553 734 613 Ordo
759 553 843 614 unius
856 554 982 616 hominis
998 570 1079 617 reme-

146 650 228 712 ritate
237 650 420 712 contaminari
436 670 492 711 non
507 649 609 726 debet3
626 670 746 729 persone
761 670 884 731 namque
902 654 941 730 [ur
956 653 1077 731 jurecon-

145 750 235 809 sultus
258 747 358 828 inquit)
382 747 455 810 vicia
479 748 688 828 delinquentem
719 767 775 809 non
806 751 1074 830 transgrediuntur¹.

146 846 226 928 Quod
242 845 265 908 si
284 847 425 908 Renaldus
446 845 596 928 diligenter
611 845 741 921 attendit,
759 866 816 907 non
837 862 895 908 tam
911 849 948 908 de
969 849 1076 910 homine

143 964 228 1024 quam
242 944 278 1006 de
289 945 394 1012 tuenda
407 943 529 1024 Virginis
545 943 667 1022 puritate
682 944 711 1004 in
725 963 759 1005 eo
780 943 878 1006 libello
898 965 963 1006 sum
979 947 1075 1008 sollici·

143 1057 198 1106 tus.
216 1049 310 1123 lnqua
326 1063 354 1104 re
364 1043 387 1104 si
403 1040 530 1123 religioni
547 1056 574 1104 et
590 1040 654 1102 fidei
669 1040 807 1104 catholice
822 1045 1012 1125 repugnantia
1022 1045 1075 1106 dis·

143 1141 227 1216 serui,
240 1140 357 1221 pudebit
372 1139 537 1219 mequidem
550 1139 648 1212 errati;
660 1139 761 1219 corripi
777 1160 793 1200 a
808 1141 869 1202 viro
888 1141 965 1203 bono
979 1162 1075 1204 secun·

142 1239 208 1300 dum
225 1239 326 1301 Christi
352 1253 526 1318 preceptum,
545 1257 601 1298 non
625 1237 756 1316 pudebit.
783 1239 810 1299 Si
826 1239 862 1299 de
876 1241 1075 1303 vocabulorum

140 1338 314 1418 ydoneitate,
331 1352 362 1399 ut
377 1351 418 1398 est
433 1336 575 1416 plerisque
593 1336 669 1397 ltalis
691 1355 752 1397 mos
764 1349 787 1413 2,
806 1353 921 1399 moveat
938 1340 1075 1400 Renaldus

140 1434 327 1514 questionem,
344 1433 426 1496 facile
441 1435 538 1496 ridebo
553 1435 793 1510 calumniatorem,
811 1435 891 1513 cujus
908 1456 963 1516 ego
978 1437 1075 1498 similis

140 1533 337 1610 essenollllim,
346 1533 482 1593 dumcum
492 1533 658 1593 Domiciano
668 1551 777 1594 muscas
785 1533 850 1600 stilo
864 1534 1045 1614 persequitur
1054 1548 1073 1609 r,

139 1629 355 1692 nonveritatem
386 1624 547 1711 investigat.
577 1629 688 1690 Tuebor
710 1643 814 1704 tamen,
833 1630 872 1690 mi
899 1633 1025 1708 andrea,
1050 1632 1075 1692 in

139 1742 256 1807 utraque
278 1728 494 1808 reprehensione
519 1727 699 1808 dignitatem,
716 1727 796 1810 Qod
826 1727 849 1788 si
877 1747 937 1790 non
963 1745 1072 1809 potero,

139 1825 273 1886 solabitur
291 1846 336 1886 me
348 1825 405 1885 divi
421 1825 516 1886 Jacobi
540 1845 604 1885 vera
625 1826 672 1886 illa
693 1824 850 1886 sententia:
876 1827 927 1908 qui
954 1828 982 1888 in
1005 1826 1074 1890 verbo

138 1943 189 1983 non
217 1924 335 2004 offendit,
351 1924 480 2004 perlectus
508 1935 546 1982 est
568 1923 638 1986 vird.
656 1930 729 1983 Dum
756 1924 807 1984 hec
837 1924 944 2000 scribo,
972 1933 1075 2006 Gaspar

137 2022 251 2100 quidam
277 2020 362 2082 frater
378 2021 468 2082 minor
492 2022 593 2083 alteras
616 2021 699 2082 michi
723 2036 785 2083 tuas
808 2021 917 2083 litteras
940 2025 1067 2086 reddidit.

138 2119 247 2202 (Quibus
262 2119 341 2180 aliter
369 2139 453 2197 quam
481 2118 620 2198 prioribus
651 2119 820 2198 respondere
846 2139 904 2180 non
921 2121 1070 2194 convenit;

136 2232 201 2278 sunt
217 2218 288 2277 enim
306 2218 341 2277 de
358 2219 454 2277 eadem
472 2237 542 2296 pene
568 2237 596 2276 re
611 2233 751 2278 conterre.
770 2218 850 2281 Vale.
871 2218 988 2294 Parisii,
1020 2219 1063 2297 vij.

136 2315 195 2377 kal.
214 2315 289 2375 Maii.

169 2537 187 2569 1.
207 2521 242 2568 Cf„
259 2526 346 2581 Daoyz,
366 2525 451 2580 Corpus
467 2520 528 2580 juris
552 2520 624 2567 civilis
651 2519 731 2581 (Lyon,
761 2532 829 2580 1702,
851 2520 959 2585 in-fol.),
982 2534 998 2571 r.
1022 2527 1062 2577 Vll,

134 2593 210 2652 Index,
228 2593 270 2638 col.
292 2606 311 2650 1,
328 2594 349 2652 3⁰
363 2592 533 2639 avant-dernier
549 2592 569 2652 Ξ.

165 2677 186 2713 2.
206 2663 295 2725 Gaguin
312 2673 420 2723 proteste,
438 2677 523 2710 comme
536 2664 556 2710 le
570 2663 647 2709 faisait
658 2661 671 2708 ὲ
682 2664 702 2708 la
714 2660 884 2722 memeepoque
900 2665 977 2712 pierre
989 2671 1061 2724 Marqr

133 2735 278 2797 d’nngltiera,
294 2744 372 2780 contre
387 2735 418 2781 les
437 2735 571 2794 eplucheurs
585 2733 613 2780 de
624 2745 682 2780 mots
699 2733 726 2780 de
741 2734 761 2778 la
779 2733 915 2782 Pe'ninsule.
932 2736 968 2784 cf.
984 2751 1023 2782 son
1036 2740 1060 2780 lle

133 2808 183 2853 orbe
199 2820 264 2864 novo,
283 2806 355 2865 Paris,
372 2805 438 2866 1587,
452 2821 475 2866 p.
497 2819 548 2865 159.

167 2893 188 2938 3.
207 2877 314 2936 Suetone,
330 2879 481 2935 Domitianus,
498 2884 538 2924 111.

163 2962 186 3008 4.
205 2955 265 3007 loc„
283 2955 324 3007 lll,
338 2964 358 2995 2.
