2424 4036
510 317 546 329 ..
573 282 688 361 264-

133 415 298 479 sicutenim
324 414 379 478 tuis
397 415 553 477 commodis
578 416 700 476 maxime
720 414 854 477 inservire
874 416 1018 495 desidero,
1032 418 1066 479 ita

133 516 188 576 tuis
206 513 325 575 fortunis
345 514 440 593 aliquo
464 533 526 574 meo
554 513 629 575 facto
649 513 845 575 incommodus
866 535 931 577 esse
952 517 1065 594 nollim3

133 631 302 692 quamquam
318 611 355 672 ab
370 611 483 672 homine
496 611 543 690 qui
573 611 601 671 in
626 611 828 690 provincialem
857 614 965 675 electus
987 628 1029 676 est
1042 630 1068 676 et

134 710 168 770 ad
181 708 394 788 quadriennium
409 708 616 770 confirmandus
631 708 716 770 nichil
740 710 900 772 detrimenti
916 711 974 773 tuis
989 711 1067 772 rebus

135 807 226 868 invehi
243 821 345 885 potest.
364 813 412 868 Est
426 805 499 867 enim
518 807 561 867 vir
590 806 761 889 integritate,
790 807 957 881 litteratura,
975 810 1030 871 hde
1042 824 1068 870 et

135 904 271 985 religione
285 917 429 984 spectatus
444 918 482 976 et,
496 919 525 965 ut
538 904 700 982 prudentem
714 905 823 977 credas,
840 920 914 967 etate
933 908 1029 988 gravis
1043 922 1068 968 et

135 1002 182 1081 qui
201 1001 277 1081 pacis
292 1021 376 1081 quam
394 1021 533 1062 armorum
555 1001 601 1069 sit,
628 1021 689 1062 mea
719 1002 866 1078 sententia,
884 1003 1024 1083 cupidior.
1043 1006 1068 1065 Si

135 1099 202 1179 quid
218 1099 302 1180 igitur
315 1119 348 1160 ex
362 1098 414 1160 hac
430 1119 458 1159 re
471 1098 521 1160 tibi
537 1118 696 1161 accrescere
712 1114 762 1162 aut
776 1101 885 1162 detrahi
909 1116 956 1164 tua
973 1102 1070 1181 Maies-

136 1210 196 1259 tas¹
220 1196 366 1275 judicabit,
392 1196 419 1257 id
436 1216 484 1258 oro
502 1197 586 1258 michi
602 1197 753 1278 significes,
772 1213 802 1260 ut
823 1201 909 1261 semel
931 1215 1010 1261 arua
1027 1220 1070 1261 sa-

137 1295 241 1374 pientia
258 1294 430 1370 admonitus,
449 1295 516 1374 quid
540 1309 646 1356 rectum
668 1294 758 1356 iacere
784 1297 873 1358 debeo
902 1297 1067 1380 intelligam.

138 1392 265 1454 Feliciter
280 1393 352 1456 vale.
374 1393 455 1472 Apud
470 1393 624 1454 Matutinus
640 1393 823 1470 Parisiorum,
840 1394 900 1456 xiiii
922 1395 982 1460 kal.
1004 1403 1070 1475 Sep-

137 1488 263 1553 tembris.

587 1723 623 1780 27

471 1909 519 1980 (26
535 1907 629 1981 janvier
648 1910 739 1982 1478.)

140 2079 263 2141 Rohcttus
279 2079 416 2159 daguinus
440 2079 538 2141 loanni
553 2082 660 2140 Dricsco
689 2079 820 2141 rationum
847 2082 981 2160 regiorum
1001 2104 1069 2144 com-

389 2177 480 2258 putori
486 2189 507 2240 ².
523 2183 552 2238 S.
572 2177 704 2256 [Epistola
719 2181 812 2255 xxxvl

182 2375 263 2454 Quod
283 2373 316 2432 ad
334 2388 360 2434 te
379 2387 444 2452 post
458 2372 611 2432 discessum
638 2387 715 2433 tuum
735 2373 861 2433 nondum
887 2375 998 2454 scripsi,
1016 2395 1071 2435 non

176 2613 195 2645 1.
212 2598 345 2658 Maiestatis.
362 2607 387 2653 Α,
401 2598 440 2644 fol⁴
459 2612 482 2658 ¹5
498 2602 532 2644 v⁰.

173 2685 195 2717 z.
215 2678 242 2717 Le
256 2669 354 2716 flamand
366 2676 421 2716 lean
437 2683 481 2716 van
499 2669 542 2715 den
561 2669 690 2727 Driessche,
704 2668 784 2729 appele'
799 2683 827 2716 en
843 2676 928 2718 France
942 2676 997 2719 lean
1010 2672 1038 2719 de
1052 2673 1072 2718 la

143 2743 256 2798 Dricsehe,
271 2741 329 2786 ainsi
342 2740 397 2799 qn’il
410 2740 474 2800 signe
488 2738 610 2786 lui-meme
625 2755 664 2786 sort
681 2754 735 2786 nom
750 2740 820 2797 (Bibl.
832 2750 880 2788 nat.
892 2741 921 2789 fr.
934 2745 1020 2803 20638,
1031 2743 1072 2790 fol.

142 2826 180 2873 73,
196 2824 217 2860 et
232 2812 260 2859 fr.
279 2824 363 2871 27514·
382 2812 437 2858 cab.
454 2810 493 2857 des
510 2811 589 2867 litter,
606 2811 682 2857 Piices
697 2812 766 2871 orig,
783 2812 828 2859 vol.
849 2825 915 2872 1030,
932 2814 1072 2874 quittances‚

143 2900 165 2944 4,
185 2898 204 2943 ς,
220 2883 253 2943 6),
269 2882 334 2943 apres
348 2882 411 2928 avoir
424 2881 459 2928 e'te'
475 2896 502 2927 au
521 2879 606 2928 service
621 2881 648 2928 de
661 2883 681 2928 la
698 2883 785 2928 hlaison
805 2882 832 2929 de
847 2888 993 2946 Bourgogne,
1006 2898 1072 2945 passa

143 2955 154 3000 a
174 2954 232 3000 celui
252 2954 280 3000 de
302 2953 368 3000 bouis
390 2959 418 2999 xl
440 2966 467 2998 en
492 2955 557 3011 1466.
580 2950 674 2998 Nomme
693 2950 885 3000 'successivement
905 2955 1025 3018 concierge
1038 2956 1073 3004 du

144 3025 227 3085 Paleis,
239 3025 357 3072 conseiller
367 3022 446 3070 maltte
458 3023 469 3070 ἐι
482 3024 502 3069 la
513 3024 623 3070 chambre
635 3023 674 3070 des
683 3029 790 3083 Comptes
801 3034 822 3070 et
835 3024 941 3072 tre'sorIer
951 3025 979 3074 de
991 3034 1073 3075 France

143 3098 216 3144 moins
229 3094 283 3143 d'un
298 3093 326 3143 an
341 3096 407 3156 apres
423 3093 463 3142 so'n
479 3095 588 3142 adhesion
604 3111 632 3141 au
646 3092 706 3156 'parti
722 3095 751 3142 du
763 3097 807 3151 roi,
819 3097 834 3142 il
847 3096 902 3144 erait
915 3099 1074 3158 particuliere-

143 3179 204 3215 ment
220 3170 270 3216 bien
282 3182 311 3225 uu
324 3168 391 3223 dece.
402 3168 491 3225 derpier
505 3167 544 3226 qui
561 3181 584 3213 se
601 3168 650 3227 plut
665 3166 820 3214 iatcumulet.
831 3182 870 3215 sur
885 3169 916 3215 lui
932 3171 964 3216 les
980 3171 1075 3234 charges

143 3251 164 3286 et
176 3241 208 3286 les
221 3240 336 3300 pensions.
345 3245 405 3284 Dans
418 3239 448 3285 les
459 3235 537 3285 lettres
547 3238 575 3285 de
585 3237 713 3298 provisions
723 3236 751 3285 de
762 3238 843 3286 l'oshce
852 3236 880 3286 de
891 3239 1007 3300 president
1017 3244 1074 3290 clerc

143 3325 170 3357 en
187 3312 207 3357 la
221 3311 331 3356 chambre
346 3310 385 3356 des
399 3314 506 3369 Comptes
520 3308 547 3355 de
562 3308 648 3355 Parisa
664 3309 695 3356 lui
710 3309 828 3371 octtoye'es
843 3309 855 3357 ὲ
868 3304 1038 3375 Mote'besgry,
1055 3316 1075 3361 le

144 3395 171 3431 22
185 3380 239 3428 aoht
259 3383 324 3445 1467,
338 3381 352 3426 il
365 3391 398 3427 est
412 3379 453 3428 luit
466 3380 563 3429 allusion
579 3379 641 3429 ason
656 3379 726 3429 cte'dit
736 3394 766 3426 :·«
780 3395 837 3445 pour
848 3380 869 3428 la
884 3382 971 3449 grande
988 3396 1009 3432 et
1026 3385 1075 3435 sin·
