2424 4036
564 299 744 375 -3ffi-

182 447 210 494 te
225 445 336 512 oportet
350 431 470 494 scribere
484 433 518 493 ad
534 452 578 493 me
594 451 648 513 que
663 433 741 494 voles
755 455 762 510 ;
776 432 847 494 desii
864 432 1002 510 invidere,
1028 448 1121 515 etque

182 530 229 592 alii
245 530 402 605 ediderunt,
427 530 591 591 calumniari
616 549 673 591 non
694 530 793 594 didici.
817 529 951 594 oblectat
971 551 1017 594 me
1033 533 1120 612 magis

183 628 306 690 studium
327 627 517 689 adolescentie
533 642 590 702 tue,
615 629 694 707 cuius
718 628 886 704 rudimenta,
904 628 927 690 si
946 650 1116 710 perseveres,

183 745 239 788 non
248 725 409 787 illaudatam
419 724 689 787 consummationem
701 726 854 788 habebunt.
868 725 1045 790 Urbanitatis
1060 728 1120 807 plu-

184 822 283 884 rimum
299 838 382 903 arque
397 823 553 885 venustatis
568 823 622 902 jam
638 823 690 885 tibi
705 823 886 903 comparasti,
906 844 993 904 quam
1009 825 1119 886 dicendi

184 920 382 1000 scribendique
415 921 590 982 consuetudo
626 935 654 982 et
694 921 830 983 bonorum
870 936 1002 984 autorum
1038 923 1120 984 lectio

184 1018 370 1082 confirmabit.
392 1019 445 1079 Sed
467 1018 571 1080 frustra
589 1019 671 1098 hujus
693 1019 777 1080 terei
796 1019 946 1095 admoneo,
963 1040 1049 1100 quem
1061 1041 1122 1081 mc-

183 1115 300 1177 lioribus
322 1117 463 1195 preceptis
489 1116 631 1178 eruditum
657 1118 780 1199 Delyus¹
811 1131 839 1178 et
865 1125 945 1179 Muse
971 1119 1121 1180 sublimem

182 1212 299 1276 vehunt.
316 1214 395 1277 Vale.
409 1221 449 1274 Ex
462 1214 610 1276 Maturinis
624 1215 809 1292 Parisiorum,
825 1214 948 1297 id[ib]us
965 1216 1075 1279 Marcii.

632 1533 667 1612 63

477 1726 577 1798 (Paris,
597 1744 628 1799 ²9
645 1744 711 1782 mars
733 1730 825 1799 1492·)

199 1897 325 1958 Robertus
347 1897 487 1976 daguinus
510 1896 654 1957 Guillermo
674 1897 706 1957 de
728 1897 885 1979 Ruppeforti
906 1899 1101 1962 cancellari02.

516 1994 646 2075 [Epistola
663 1993 783 2076 lxxviii]

221 2191 388 2271 Digrediens
405 2209 420 2249 a
439 2203 488 2250 tua
510 2190 670 2251 Prestantia
687 2190 921 2271 nudiusquartus
941 2211 1037 2273 regem
1057 2212 1123 2254 con-

179 2289 243 2349 veni
260 2290 306 2348 vix
322 2288 454 2349 cubiculo
471 2309 626 2368 egressum.
647 2289 755 2369 Rogavi
771 2291 923 2368 velletque
937 2291 971 2350 de
985 2298 1122 2351 Germana

180 2387 320 2467 legatione
340 2386 446 2466 reliqua
463 2400 541 2446 erant
562 2405 605 2446 me
620 2385 730 2450 referre.
754 2394 778 2447 Is
796 2407 859 2447 curn
873 2402 955 2448 antea
972 2388 1052 2466 inter
1077 2409 1122 2449 cu·

181 2484 302 2545 cularios
327 2485 420 2563 lepide
444 2485 578 2544 nonnulla
610 2486 719 2546 locutus
750 2499 833 2558 esset,
860 2485 894 2544 ad
925 2506 1017 2545 meam
1043 2507 1121 2567 roga-

183 2584 287 2644 tionem
297 2582 443 2657 conticuit,
459 2582 592 2661 visusque
607 2597 648 2643 est
660 2583 802 2661 paululum
819 2582 990 2647 subtristari.
1008 2586 1120 2645 Nullum

184 2680 256 2741 enim
275 2680 391 2739 verbum
414 2680 571 2758 respondit,
588 2681 635 2739 sed
653 2701 717 2741 mox
741 2681 817 2740 humi
833 2694 991 2759 prostratus
1008 2701 1059 2761 pro
1072 2703 1121 2742 suo

185 2798 260 2837 more
275 2777 375 2850 oravit,
401 2792 485 2856 atque
508 2776 654 2838 confestim
674 2779 708 2837 ad
730 2779 933 2839 Celestinorum
957 2780 1037 2839 edem
1060 2800 1121 2858 pro-

184 2873 274 2935 fectus
295 2889 346 2935 est.
376 2881 471 2952 ltaque
492 2875 597 2935 veritus
620 2896 680 2935 sum
702 2877 836 2936 offensum
860 2895 922 2934 eum
950 2896 1022 2950 esse,
1043 2877 1121 2956 quasi

187 2973 278 3032 minus
294 2987 452 3051 opportune
466 2972 642 3032 advenissem
658 2987 677 3036 3.
700 2980 758 3033 Nec
774 2973 865 3032 minus
885 2975 1026 3051 presentis
1043 2974 1121 3035 Curie

221 3198 240 3233 1.
260 3186 364 3244 apollon,
380 3186 399 3232 le
415 3184 467 3231 dieu
485 3185 512 3231 de
527 3186 601 3231 Delos.

215 3269 237 3302 2.
256 3255 291 3302 cf.
306 3256 496 3315 precedemment,
510 3270 532 3316 p.
545 3270 597 3317 292,
615 3271 638 3304 n.
655 3272 674 3304 1.

217 3327 1119 3391 mmmmmfflmwmmmwwmwwwmmm

178 3397 205 3444 ed
221 3411 246 3446 cc
261 3398 338 3459 prince
360 3399 417 3446 dont
437 3414 466 3447 on
487 3399 581 3448 connalt
603 3403 623 3448 le
638 3401 752 3449 caractdre
771 3400 852 3462 enjoue
872 3412 895 3449 et
912 3401 1117 3464 lajbienveillance
