2424 4036
517 333 692 390 ...330—

133 447 197 526 tius)
214 446 414 508 commentaria
429 447 542 526 reliquit
553 459 572 508 ¹.
591 455 678 530 Qem
694 441 793 508 tamen
810 459 890 508 non²
906 447 972 509 ideo
995 468 1010 508 a
1025 467 1063 509 me

133 558 181 606 aut
210 545 406 624 Empedoclem
431 544 553 624 positum
581 564 643 605 esse
670 545 698 605 in
727 564 789 606 meo
816 559 922 625 opere³
940 546 1063 607 estimare

133 642 229 719 debeS,
245 642 325 723 quasi
339 642 367 702 hi
380 642 432 704 soii
447 661 579 723 aragnem
594 642 723 703 admirati
735 642 791 703 sint
806 642 979 722 pendentem
998 645 1061 705 telas

133 739 228 804 ordiri.
246 740 300 802 Sed
316 760 363 801 eos
375 739 465 800 vicem
481 754 574 801 tenere
592 760 687 800 eorum
702 741 750 821 qui
768 740 803 801 ad
826 744 992 820 scrupulum
1008 741 1059 802 sin-

133 839 198 919 gula
213 858 325 918 queque
344 837 504 917 appendere
526 837 705 912 meditantur,
722 857 785 899 cum
809 838 860 898 hec
883 838 1060 901 usitatissima

135 936 248 998 minime
262 937 436 1017 pervideant.
455 944 514 998 Nec
526 936 647 1016 denique
661 955 773 996 carmen
790 936 871 1012 ittud,

195 1081 244 1142 Dic
259 1080 349 1157 michi,
368 1080 498 1156 Vincenti,
513 1091 537 1139 et
550 1068 666 1140 nostram
680 1079 744 1156 uim,
758 1079 870 1160 perfide,
888 1080 956 1140 senti
962 1092 994 1157 43

136 1222 285 1303 quadrabit
300 1223 323 1283 si
341 1222 475 1302 «preside
491 1243 505 1280 »
523 1222 566 1282 vei
591 1243 605 1280 <r
623 1221 760 1301 profrde»
782 1223 903 1283 lectites.
928 1229 977 1283 Est
998 1221 1061 1283 enim

135 1321 234 1401 perfide
248 1320 408 1402 legendum.
426 1319 496 1381 ttlud
514 1338 626 1400 quoque
651 1319 740 1380 Badio
762 1318 958 1381 difficultatem
977 1321 1063 1381 afferre

138 1438 194 1479 non
213 1418 322 1495 debuit,
338 1418 413 1498 quod
432 1419 471 1479 ait
485 1438 516 1479 se
530 1419 557 1478 in
574 1419 626 1478 hoc
640 1418 761 1478 carmine
776 1417 921 1498 signasse:

258 1566 313 1620 Eva
326 1581 417 1621 nocens
432 1572 534 1638 gentem
549 1561 611 1620 oiim
625 1560 736 1620 enixara
751 1560 888 1622 caducam.

140 1721 211 1774 Nam
234 1713 256 1774 si
279 1712 394 1773 verbum
408 1726 574 1787 commuteS,
605 1711 698 1772 omnia
712 1711 825 1793 {integra
846 1726 922 1786 sunt,
943 1712 978 1772 ad
999 1712 1061 1771 hunc

140 1812 254 1872 modum
266 1831 272 1870 z

298 1914 353 1969 Eua
370 1929 460 1969 nocens
473 1908 535 1968 oiim
552 1920 684 1986 geutemt,
701 1923 755 1971 etc.

139 2068 266 2123 Ceterum
280 2060 355 2140 quod
371 2060 406 2121 de
426 2058 885 2138 fomitedeprehensum⁶aBadio
900 2075 953 2135 est,
973 2060 998 2119 id
1015 2057 1062 2119 nisi

138 2179 172 2219 ex
189 2159 326 2220 sententia
344 2157 431 2218 Oratii
457 2158 582 2218 excusari
606 2178 663 2218 non
680 2172 790 2236 potest:
814 2158 973 2239 quandoque
992 2157 1063 2217 honus

138 2257 265 2317 dormitat
281 2261 419 2318 Omerast,
440 2255 523 2334 Cujus
539 2256 576 2316 rei
589 2255 678 2334 gratia
700 2270 740 2329 tu,
762 2256 852 2327 Bosti,
873 2254 1065 2316 inexcusabilis

174 2492 192 2525 r.
213 2479 258 2525 biv.
276 2485 317 2539 tlt,
331 2479 367 2525 ab.
381 2494 403 2536 v,
422 2494 443 2538 p.
462 2493 491 2540 99
506 2479 571 2538 (e'dit.
588 2479 737 2540 greco-latine
751 2479 778 2525 de
794 2479 870 2536 Didot,
888 2480 965 2540 1862).

172 2565 193 2597 2.
211 2568 222 2594 a
240 2558 290 2597 Non
305 2568 315 2595 u
333 2565 431 2610 marique
447 2551 504 2596 dans
518 2560 544 2607 Α,
558 2550 597 2597 iol.
612 2564 638 2611 75
654 2555 686 2596 νο.

173 2634 194 2679 3.
305 2623 399 2668 Miretur
413 2622 486 2682 quitis
494 2627 592 2669 Crantor
608 2628 629 2668 et
647 2621 790 2682 Empedocles

280 2693 418 2740 Retbieuiunt
426 2694 575 2753 pendensque
584 2693 671 2740 nuntiae
684 2694 737 2740 texit
751 2708 849 2754 aragne.

141 2761 199 2810 Edit.
217 2764 312 2820 Bocard,
328 2780 350 2810 v.
363 2778 419 2824 421,
432 2778 485 2823 42²·

171 2849 194 2895 4.
212 2843 266 2882 vers
279 2836 338 2882 ainsi
353 2837 448 2898 corrige,
465 2838 522 2884 dans
536 2838 606 2884 l‘e'dit.
623 2838 650 2883 de
667 2837 751 2885 Bucard
767 2837 826 2898 (vers
843 2837 905 2896 126).

273 2913 337 2953 Nunc
350 2921 403 2967 age,
422 2910 531 2967 Vincenti,
547 2915 567 2955 et
582 2910 624 2955 tim
640 2914 750 2965 nostram,
764 2907 857 2966 perfide,
872 2909 938 2955 senti.

172 2984 232 3024 Dans
256 2978 359 3024 t'edition
381 2979 409 3025 de
431 2987 457 3026 Ρ.
480 2987 554 3036 Levet,
575 2978 647 3040 Paris,
675 2980 732 3036 1489
757 2978 825 3038 (Bibl.
849 2978 1067 3033 sainte-Geneviere,

139 3056 186 3097 luc.
206 3050 257 3110 562)
270 3051 290 3097 le
302 3065 351 3097 vers
367 3049 450 3098 debute
465 3065 519 3111 par:
534 3052 573 3097 Dic
588 3065 673 3111 age...,
688 3050 727 3096 iol.
744 3050 801 3095 aiiii.

174 3135 193 3180 5.
213 3128 269 3180 Eva,
286 3136 365 3168 nocens
382 3128 463 3179 mater,
475 3128 562 3183 gentem
577 3123 670 3168 enixura
684 3121 792 3167 caducam
807 3121 916 3180 (botzard,
932 3137 955 3169 v.
976 3126 1036 3181 141).
1051 3130 1070 3167 et

141 3192 197 3239 dans
209 3193 313 3240 l’edition
325 3192 352 3239 de
363 3200 429 3240 Levet
440 3208 444 3238 z
455 3199 502 3240 Eva
513 3207 594 3240 nocens
604 3193 655 3240 oiim
665 3199 795 3254 gentem...‚
809 3192 849 3240 fol.
866 3207 878 3238 a
891 3197 921 3238 v⁰.
946 3192 1018 3240 meme
1037 3206 1067 3239 re·

140 3278 233 3324 marque
246 3279 291 3324 que
306 3279 364 3324 pour
378 3265 398 3310 la
412 3275 465 3311 note
483 3263 627 3324 precedente.

171 3333 194 3381 (i.
214 3336 361 3382 prehensum.
379 3345 404 3392 Α,
421 3336 462 3382 iol.
479 3348 505 3395 75
524 3340 555 3381 νο.

171 3419 194 3468 7.
214 3412 307 3465 Horace,
323 3415 365 3454 Ars
377 3413 449 3467 poet,
463 3421 483 3452 v.
501 3418 553 3467 359.
