2424 4036
134 474 161 522 et
174 459 228 539 jam
248 474 322 522 totos
335 460 395 521 dies
408 459 567 539 quindecim
580 460 616 523 ita
634 461 725 522 inanis
741 461 915 543 langueram,
933 476 964 524 ut
986 461 1064 521 maci-

45 554 48 559 ’
135 558 221 620 lentia
236 571 403 620 extenuatus
417 556 506 618 videri
526 578 638 638 possem
654 560 741 622 larva.
764 558 920 621 Laboranti
935 574 1027 620 tamen
1040 573 1063 619 et

135 671 194 719 tota
223 655 280 716 iere
309 654 413 718 virtute
447 654 557 717 deiecto
579 657 760 718 vivacitatem
785 657 928 736 quandam
958 657 1064 738 spiritus

135 754 219 816 lectio
232 753 385 816 litterarum
399 768 507 816 tuarum
524 752 644 826 induxit,
661 754 773 815 obeam
790 775 847 815 rem
864 754 1062 834 maximequod

136 871 180 912 me
194 852 291 931 procul
307 851 451 913 absentem
464 852 596 912 memoria
612 852 726 927 retines,
742 852 881 931 offersque
894 853 1061 933 hospitalita-

135 963 192 1011 tem
203 949 226 1010 si
244 950 357 1029 quando
372 950 406 1010 ad
424 949 554 1010 Insubres
571 951 719 1032 negocium
737 970 781 1009 me
795 951 969 1030 perduxerit,
986 965 1031 1012 aut
1043 950 1061 1009 si

136 1046 277 1128 legatione
291 1048 384 1128 aliqua
402 1047 514 1108 functus
529 1055 646 1108 Romam
667 1047 758 1108 fecero
777 1047 840 1111 iter.
857 1055 983 1130 Quorum
1004 1067 1062 1107 neu·

136 1157 208 1204 trum
224 1144 350 1205 accidere
365 1157 445 1224 opto.
475 1151 545 1205 Nam
561 1162 613 1205 nec
636 1144 713 1205 iabor
737 1144 814 1215 etati,
845 1164 897 1205 nec
922 1142 1062 1226 legationis

136 1260 237 1301 munus
264 1242 358 1324 longis
386 1242 532 1302 itineribus
561 1241 690 1303 confecto
721 1242 864 1316 convenit,
893 1241 948 1303 boc
975 1256 1062 1302 nostro

136 1338 249 1418 quidem
265 1341 361 1400 secuio
379 1339 426 1400 ubi
448 1355 476 1401 et
500 1340 596 1401 virtuti
619 1359 696 1399 rarus
713 1339 802 1399 honos
827 1354 854 1401 et
878 1339 968 1400 labori
993 1340 1061 1400 nulla

136 1456 242 1497 merces
265 1437 401 1498 succedit.
420 1444 516 1517 ltaque
539 1457 582 1498 res
610 1437 685 1516 apud
710 1435 817 1497 mesic
841 1456 871 1498 se
892 1436 988 1512 habet,
1009 1439 1063 1498 lan-

136 1554 208 1616 gueo
230 1549 257 1596 et
279 1553 364 1595 carne
385 1548 413 1595 et
434 1534 550 1615 spiritu:
579 1532 704 1614 corporis
722 1553 817 1595 curam
833 1535 936 1596 medici
960 1549 1062 1618 gerunt,

136 1631 219 1693 michi
235 1647 371 1712 quantum
387 1633 492 1694 exalto
511 1632 623 1693 numine
637 1632 728 1706 datur,
742 1631 857 1711 spiritus
870 1647 995 1697 curatur.
1011 1639 1063 1692 lam

135 1749 211 1803 vero,
228 1729 391 1810 dignissime
411 1729 484 1790 abba
497 1741 517 1805 ¹,
537 1729 596 1790 sive
609 1730 714 1791 interea
736 1728 864 1802 curabor,
881 1729 944 1790 sive
958 1730 1064 1811 spiritus

135 1828 186 1887 hos
201 1827 310 1889 deseret
334 1839 439 1902 artus2,
457 1841 555 1888 sancto
581 1826 619 1888 ini
644 1825 836 1888 cenobitarum
852 1841 903 1888 tuo
919 1826 1063 1888 conventui

57 1989 61 1997 ,
134 1925 315 1985 commendes
344 1940 385 1999 ut,
408 1924 559 1986 celestibus
584 1923 695 2006 hymnis
723 1923 848 1999 adiutus,
880 1923 967 1984 michi
1002 1925 1065 1985 bene

135 2035 280 2100 utcunque
296 2041 356 2082 esse
371 2022 472 2101 possit.
485 2022 564 2085 Vale.
581 2028 621 2080 Ex
636 2020 721 2081 cubili
737 2019 904 2101 gravissime
918 2020 1064 2100 egrotantis

132 2118 215 2179 amici
243 2119 283 2181 tui
303 2119 434 2199 Gaguini.
452 2126 554 2181 Datum
571 2117 694 2178 Parisius
721 2117 795 2197 apud
826 2119 995 2194 Maturinos,
1018 2118 1062 2195 iiii.

135 2215 197 2275 idus
214 2215 316 2294 Aprilis
328 2229 348 2278 3.

167 2440 187 2474 1.
207 2428 291 2474 nbbas.
307 2436 334 2486 n,
351 2427 391 2475 iol.
406 2430 433 2486 63
450 2441 481 2475 ν’.

164 2512 186 2545 2.
208 2499 376 2545 Reminiscence
391 2500 419 2545 de
435 2515 459 2546 ce
472 2514 520 2546 vers
535 2499 563 2546 de
578 2500 676 2560 Virgile:

256 2577 312 2616 Dum
327 2585 409 2617 memor
422 2572 468 2631 ipse
483 2573 533 2627 mei,
549 2571 601 2616 dum
615 2571 709 2630 spiritus
723 2571 763 2616 bos
777 2571 837 2631 regit
850 2577 927 2616 attus.

131 2640 317 2701 AEneid.,1v,v.
334 2645 386 2700 336.

165 2724 185 2770 3.
203 2719 266 2758 Certe
279 2713 352 2771 lettre,
369 2713 507 2772 poste'rieure
518 2728 546 2760 au
561 2717 586 2760 18
598 2712 653 2759 aotit
667 2715 733 2772 1486,
745 2722 778 2758 est
787 2725 842 2758 sans
855 2711 926 2759 doute
938 2712 966 2759 de
980 2711 1061 2759 l'onne'e

135 2785 201 2842 1487.
