2424 4036
519 292 699 363 -180-
769 250 772 255 Ι

145 430 181 495 ad
198 453 241 495 me
254 432 336 497 datas
351 432 426 499 tulit.
444 439 498 497 Eas
512 447 592 516 pater
605 452 685 497 meus
700 432 859 519 generalis¹
879 434 937 499 sibi
952 436 1078 503 redditas

143 530 264 614 excepit,
295 536 360 595 cum
389 536 546 615 Pyreneum
567 547 759 616 namgressos
787 534 967 617 Hesperiam,
996 536 1076 601 ditia

141 629 287 713 simosque
304 629 364 710 ejus
385 630 497 705 fluvios,
519 629 644 693 Hebrum
662 645 691 694 et
703 636 932 715 Tagum,·usque
943 634 983 697 ad
1002 640 1074 697 Het-

140 728 211 790 culis
228 729 320 791 Gades
333 729 510 809 penetravi&
526 728 635 812 Quibus
650 728 679 791 in
696 728 789 806 rebus,
805 730 951 794 mensibus
964 734 1076 815 septem

140 826 257 902 exactis,
274 825 322 889 ubi
337 825 372 886 ad
388 826 493 889 Gallias
514 826 627 888 tandem
647 846 692 888 me
714 826 821 890 contuli
840 843 1026 910 percontatus
1039 829 1079 913 de

138 939 168 987 te
192 924 310 1001 amicos,
335 924 435 986 rescivi
459 923 566 986 litteras
594 938 659 987 tuas
686 944 775 1007 penes
805 945 869 989 eum
899 945 987 1007 qoem
1014 928 1075 991 dixi

65 1056 70 1067 ·
138 1037 246 1103 patrem
268 1024 426 1105 generalem
446 1021 583 1102 repositas
598 1042 659 1085 esse
672 1041 744 1103 quas
757 1022 830 1087 inter
843 1024 990 1107 neglectas
1009 1044 1074 1089 car·

12 1182 17 1193 ,
87 1122 90 1127 ’
138 1122 212 1184 tulas
233 1121 346 1183 tandem
368 1119 479 1182 inveni:
501 1118 629 1183 inventas
645 1139 748 1203 magna
760 1120 914 1184 admodum
924 1118 1076 1205 voluptate

138 1218 193 1301 legi
218 1218 299 1301 quasi
318 1234 395 1281 tuam
411 1217 532 1300 effigiem
542 1237 597 1299 pre
614 1238 644 1280 se
652 1218 783 1282 ferentes.
801 1219 856 1281 Sed
869 1226 926 1309 non
940 1220 1024 1303 potui
1036 1222 1075 1285 ad

139 1316 204 1380 illos
228 1310 377 1379 confestim
398 1315 559 1392 rescribere,
569 1316 721 1396 impeditus
732 1317 807 1381 curis
820 1316 925 1398 quibus
937 1338 1081 1383 memeus·

141 1415 218 1476 Ordo
233 1414 363 1480 involvit.
381 1421 454 1475 Ante
468 1413 542 1474 enim
555 1413 616 1475 dies
630 1413 681 1477 tris
696 1413 772 1478 illius
785 1415 862 1496 quod
870 1414 1003 1501 proxime
1011 1438 1075 1500 pre·

137 1511 252 1574 teritum
277 1526 320 1573 est
345 1512 438 1573 Pache
462 1517 620 1572 Tomacum
644 1510 797 1592 profectus,
820 1510 1023 1577 'constitueram
1045 1531 1077 1580 te

136 1609 243 1672 visere:
260 1609 308 1671 sed
325 1623 510 1691 preceperunt
524 1628 568 1670 me
583 1609 679 1672 matris
693 1609 786 1673 littere
798 1600 902 1692 quibus
915 1613 1075 1692 parendum
1119 1620 1122 1627 '

107 1720 110 1729 “
136 1707 199 1773 luit.
218 1715 278 1768 lam
290 1728 357 1769 vero
372 1708 516 1788 paululum
530 1706 585 1770 ocii
602 1722 760 1785 assecutus,
777 1722 857 1771 tanto
871 1708 1007 1773 libentius
1019 1711 1075 1775 tibi
1142 1778 1145 1783 ,

128 1806 230 1868 scribo
260 1820 366 1886 quanto
391 1805 446 1867 lide
471 1821 556 1886 atque
583 1805 708 1868 amicitia
740 1802 962 1895 jucundissimus
986 1808 1075 1873 michi

120 1888 247 1984 'semper
272 1902 361 1969 fuisti.
383 1910 509 1985 iungunt
520 1903 604 1976 enim
621 1924 673 1966 nos
695 1918 724 1967 et
738 1904 949 1985 quodammodo
963 1906 1075 1971 similes

136 2000 260 2063 efficiunt
285 1990 420 2063 consueta
441 2001 508 2063 olim
531 2021 639 2063 morum
661 2016 689 2063 et
710 2002 868 2065 studiorum
884 2002 1073 2069 contubernia

70 2128 74 2136 ·
136 2098 367 2180 fortunarumque
387 2098 554 2161 similitudo.
579 2106 618 2160 Te
631 2097 718 2181 igitur
736 2119 821 2182 quem
834 2101 988 2174 humanum
1004 2102 1072 2164 novi

137 2195 212 2258 bono
225 2197 253 2258 in
268 2217 312 2258 me
324 2197 418 2258 animo
430 2216 557 2259 essenon
571 2195 679 2273 diffido,
695 2196 760 2259 licet
775 2217 830 2262 nos
840 2199 967 2260 locorum
983 2198 1073 2262 inter-

135 2482 236 2530 cardinal
250 2480 430 2542 d’Estouteville,
443 2495 470 2528 en
490 2493 557 2542 1452,
573 2479 631 2527 dans
646 2481 666 2528 la
678 2479 775 2530 reforme
785 2481 841 2543 qu'il
852 2480 878 2530 fit
893 2481 933 2530 des
948 2475 1071 2548 privileges

135 2555 162 2602 de
170 2552 322 2611 l’Unlversite'‚
332 2551 432 2599 declarat
440 2569 453 2596 «
461 2552 529 2613 impie
540 2562 561 2599 et
572 2551 706 2599 irrationnel
717 2552 910 2601 l’ancienstatutn
921 2555 962 2616 qui
972 2555 1071 2604 ecantait

66 2664 70 2673 ,
135 2625 198 2672 dela
214 2624 308 2686 re'gence
316 2625 347 2670 les
356 2623 470 2669 me'decins
482 2622 570 2670 marids.
587 2629 619 2669 Du
635 2624 730 2686 Boulay,
744 2634 763 2671 t.
779 2629 839 2684 V,p.
852 2623 904 2686 569,
911 2635 933 2673 et
947 2626 1070 2688 Pasquier‚

135 2697 202 2743 Rccd,
218 2695 245 2742 de
259 2695 282 2741 la
294 2700 388 2751 france,
401 2694 439 2741 liv.
453 2700 490 2752 lx,
502 2695 538 2740 ch.
550 2707 594 2740 xxv
604 2708 609 2750 ;
621 2695 681 2740 mais
689 2705 747 2742 cette
758 2694 906 2754 declaration,
919 2695 938 2744 si
953 2697 1071 2746 autorisee

135 2768 217 2829 qu'elle
231 2765 275 2826 lit,
292 2765 331 2812 mit
348 2767 478 2827 longtemps
493 2764 505 2810 d
520 2776 613 2812 trouver
629 2779 670 2810 son
688 2766 829 2826 application
845 2765 902 2814 dans
916 2767 938 2814 la
951 2767 1068 2830 pratiqne.

135 2844 199 2885 Cette
215 2847 276 2884 sorte
293 2836 321 2883 de
336 2836 392 2882 mise
408 2835 420 2882 ὲ
436 2834 519 2882 l’index
535 2834 564 2881 dn
581 2835 680 2898 mariage
695 2837 786 2885 existait
804 2835 876 2884 meme
892 2851 921 2886 en
936 2836 1020 2887 dehors
1042 2839 1071 2887 de

135 2908 291 2956 l'Universitc:
308 2921 338 2953 on
352 2907 396 2954 sait
410 2921 455 2968 que
469 2907 501 2953 les
516 2906 647 2953 conseillers
662 2908 731 2953 clercs
750 2922 778 2954 au
795 2909 933 2968 Parlement,
946 2909 1007 2957 ainsi
1024 2924 1071 2972 que

135 2981 167 3028 les
182 2989 275 3026 avocats
289 2977 320 3024 dn
334 2978 375 3036 roi,
390 2978 503 3039 lorsqu’ils
517 2977 603 3024 etaient
613 2977 704 3038 mariis,
716 2978 801 3025 etaient
814 2979 911 3041 obliges,
920 2992 979 3040 pour
993 2993 1071 3043 entrer

134 3065 161 3098 en
172 3052 263 3113 charge,
273 3049 386 3097 d'obtenir
398 3063 443 3095 une
452 3048 559 3110 disperse
569 3048 724 3109 (Delachenal,
737 3049 794 3096 nist.
805 3049 845 3096 des
854 3056 949 3097 avocats
959 3065 991 3098 au
1001 3055 1068 3102 Pari.

132 3122 160 3168 de
181 3121 256 3180 Paris,
278 3135 316 3181 pp.
337 3123 404 3180 184·5
427 3131 449 3167 et
467 3118 551 3182 notes).
573 3129 606 3166 Au
620 3119 689 3166 siecle
709 3120 810 3180 suivant,
829 3117 920 3167 Erasme
941 3132 1069 3182 protestera

132 3203 210 3240 contre
225 3203 283 3239 cette
293 3192 427 3252 conception
440 3201 490 3252 trop
505 3191 681 3238 exclusivement
692 3191 811 3238 monacale
825 3190 853 3239 de
865 3191 887 3239 la
898 3191 943 3252 vie,
954 3192 1014 3242 dans
1024 3208 1068 3242 son

132 3264 261 3310 Encomium
276 3262 413 3310 Matrimonii
427 3262 499 3324 (Bale,
519 3263 585 3322 1518,
602 3261 645 3324 4⁰).

166 3347 185 3380 ι,
206 3335 277 3380 Raoul
292 3333 321 3380 du
338 3333 422 3380 Vivier.

163 3420 185 3452 2.
204 3410 246 3452 Sur
258 3418 283 3451 ce
295 3404 392 3465 premier
405 3414 493 3468 voyage
507 3418 535 3452 en
547 3411 659 3468 Espagne,
673 3404 703 3453 cf.
719 3407 795 3455 Notice
805 3407 976 3468 biogmquve,
990 3421 1015 3469 p.
1026 3420 1065 3470 17.
