2424 4036
541 342 581 359 ...
602 324 661 391 ²44
679 343 721 357 .-

162 464 219 514 tus.
241 451 283 511 lld
312 449 386 511 hos*
418 468 509 511 mores
532 446 710 529 prudentiam
731 447 823 509 velim
840 462 939 529 atque
961 448 1112 512 cautionem

162 547 290 627 adjungi.
314 546 403 608 Rudis
418 545 493 607 enim
516 544 683 626 simplicitas
712 544 828 625 absque
854 545 984 626 provida
1013 546 1113 609 astucia

164 645 287 708 stulticia
302 659 362 708 est:
386 643 433 705 illa
451 643 640 706 innocentiam
662 656 767 717 servat,
796 642 851 705 bec
875 644 956 706 vitat
980 643 1111 707 fallacias.

165 743 275 827 Quibus
289 742 374 805 etiarn
390 742 542 804 virtutibus
569 756 599 805 et
622 740 645 803 si
669 756 735 803 tuus
751 746 906 803 loannes²
935 743 1111 815 redundaret,

164 855 230 903 sunt
247 840 332 902 michi
353 840 401 902 alii
422 859 537 921 quoque
557 838 746 901 familiaritate
766 839 936 917 conjuncti,
962 860 1039 921 quos
1063 859 1114 900 non

166 938 266 1017 injuria
282 936 454 1019 pretulerim,
469 956 542 1017 quos
557 952 586 1001 et
598 936 634 998 ad
649 935 828 998 economiam
844 950 875 998 et
890 938 931 999 ad
947 958 992 1000 res
1007 938 1114 999 divinas

169 1037 200 1115 lsi
213 1035 264 1099 tibi
280 1035 340 1097 noti
353 1036 458 1113 eruntlt
468 1036 557 1115 pluris
566 1035 723 1098 estimares.
740 1040 774 1096 Et
789 1034 829 1106 hi,
843 1035 1020 1117 priusquam
1035 1036 1115 1097 Ordi-

166 1134 210 1195 nis
224 1132 496 1196 administrationem
520 1133 699 1214 recepissem,
716 1151 780 1193 cum
798 1132 886 1193 michi
911 1133 1113 1215 spectatissimi
1184 1165 1185 1168 κ

167 1232 347 1307 haberentur,
362 1230 474 1311 fideque
496 1245 524 1293 et
547 1230 671 1294 amicitia
694 1229 850 1305 devinctia,
871 1250 925 1293 eos
947 1232 1114 1312 posthabere

167 1328 238 1391 foret
252 1328 410 1411 indignum.
427 1336 488 1390 lam
503 1329 589 1411 igitur
603 1327 748 1390 considera
763 1326 785 1389 si
803 1328 839 1389 ad
856 1328 925 1390 illas
943 1330 986 1391 tui
1001 1329 1112 1392 loannis

169 1427 260 1503 dotes,
278 1426 385 1507 optima
411 1427 515 1500 studia,
543 1426 725 1508 probitatem,
750 1425 976 1488 sanctimoniam
1001 1427 1112 1489 alterius

169 1525 345 1586 accumulem
358 1536 381 1601 5,
395 1538 463 1586 tune
474 1525 550 1586 hunc
571 1543 621 1605 pre
635 1523 684 1584 illo
698 1522 872 1604 antepones?
902 1524 933 1585 si
958 1525 1062 1588 doctos
1075 1528 1111 1605 (ut

170 1621 368 1699 sacisl⁶amas‚
383 1622 517 1685 rusticum
533 1622 673 1684 bominem
682 1636 710 1685 et
721 1620 800 1683 silvis
811 1636 914 1683 notum
924 1642 978 1703 pre
987 1624 1109 1686 litterato

172 1734 200 1781 et
214 1721 312 1781 eodem
328 1719 398 1781 bene
407 1719 536 1782 instituto
551 1739 607 1781 non
621 1720 741 1784 amabis.
759 1725 849 1780 Tuum
867 1734 947 1782 certe
963 1736 1008 1783 est
1032 1720 1108 1783 simi·

173 1819 212 1879 les
227 1818 267 1880 tui
284 1818 410 1879 homines
431 1817 558 1900 diligere,
589 1818 721 1879 extollere
750 1837 823 1898 quos
846 1817 927 1878 noris
953 1819 1109 1900 digniores,

173 1915 275 1995 quibus
291 1934 354 1977 cum
370 1935 421 1995 pro
435 1930 482 1977 tua
506 1915 643 1995 sapientia
665 1915 758 1996 possis
783 1914 856 1976 belle
870 1916 1050 1993 conversari,
1066 1915 1111 1996 qui

173 2013 244 2074 alios
256 2012 371 2088 hortari,
382 2013 492 2089 docere,
512 2012 660 2095 castigare,
678 2032 770 2074 mores
784 2012 856 2074 bene
868 2011 993 2076 formare
1008 2013 1110 2094 possit.

175 2113 292 2193 Qualem
309 2111 331 2172 si
352 2110 453 2172 Domui
473 2125 568 2172 nostre
582 2130 637 2191 que
665 2125 707 2172 est
725 2110 800 2190 apud
817 2123 898 2172 tuum
915 2112 1113 2175 Roboretumt

174 2208 327 2287 prensam,
344 2210 418 2270 lunc
443 2227 527 2288 quam
550 2207 628 2269 tuum
653 2208 742 2289 magis
767 2206 890 2289 diligito.
907 2208 1016 2270 men8
1031 2209 1113 2271 saeue
1211 2195 1212 2204 '

178 2306 304 2384 (credule
324 2307 433 2367 veniam
449 2304 539 2381 dabis,
556 2306 603 2386 qui
621 2305 773 2367 borrerium
791 2305 869 2366 illum
885 2324 942 2366 non
958 2306 1063 2369 admisi
1077 2320 1109 2382 ¹⁰,

174 2423 344 2482 quamquam
366 2404 504 2465 libertatis
520 2419 567 2464 tue
584 2404 650 2465 volo
665 2419 757 2464 utrum
774 2403 891 2480 malll]is
905 2404 991 2465 nobis
1014 2405 1112 2467 rescri-

176 2501 249 2564 bere.
269 2509 338 2563 Nam
354 2521 437 2580 quem
453 2521 503 2582 pro
519 2516 565 2562 tua
583 2501 752 2563 discretione
767 2500 873 2583 deliges
898 2521 964 2562 eum
992 2516 1043 2564 tuo
1068 2523 1110 2564 ro-

211 2776 228 2808 r.
249 2767 306 2808 Hoc.
322 2768 347 2819 Α,
363 2759 404 2808 sol.
422 2773 443 2806 11
461 2764 494 2808 νο.

207 2845 229 2879 2.
251 2831 345 2893 protege
360 2830 388 2878 de
400 2836 487 2893 George
502 2837 595 2878 Harant.

208 2917 229 2963 3.
248 2910 277 2950 La
293 2902 427 2963 parenthese
444 2917 542 2962 manque
554 2902 610 2948 dans
627 2910 653 2961 A,
667 2902 706 2949 iol.
726 2915 747 2948 11
767 2906 799 2948 v⁰.

207 2991 229 3031 4.
248 2974 361 3034 Dejunctl.
380 2982 407 3020 A.
424 2974 463 3019 lol.
484 2978 555 3020 11v¹¹.

210 3059 229 3104 ς.
250 3045 393 3091 ncurnulam.
410 3044 469 3091 lbid.

206 3116 227 3161 6.
248 3123 277 3163 La
291 3115 426 3176 parenthese
440 3129 538 3175 manque
552 3115 609 3161 dans
624 3124 649 3172 Α,
665 3114 706 3162 fol.
726 3128 747 3161 11
766 3120 797 3162 ν’.

206 3200 228 3247 7.
250 3195 358 3243 Rouvres‚
375 3187 462 3233 maison
481 3187 520 3233 des
535 3187 676 3247 Trinitaires,
695 3187 723 3233 de
743 3188 764 3233 la
783 3185 893 3247 province
912 3187 941 3235 de
963 3191 1113 3238 Nonnandie.

206 3258 229 3304 8.
249 3258 311 3305 llilri.
327 3258 384 3305 lbid.

205 3342 228 3388 9.
248 3335 276 3375 La
293 3328 429 3390 parenthese
446 3343 545 3390 manque
556 3328 613 3375 dans
627 3339 652 3388 n,
666 3329 705 3375 lul.
727 3343 748 3376 11
766 3334 799 3377 v⁰.

194 3411 227 3444 10.
247 3400 324 3446 Amisi.
337 3401 394 3447 ibid.
