2424 4036
580 706 618 767 49

416 884 515 957 (Paris,
534 903 560 940 ar
580 884 672 941 lirrier
690 885 780 958 1489.)

171 1053 296 1116 Robertus
317 1053 455 1134 Gagut'nus
478 1061 558 1116 Petro
580 1062 697 1138 Buryo¹.
720 1060 751 1120 S.
777 1054 909 1135 [Epistola
933 1053 1021 1136 lxxii]

174 1249 307 1326 Decebat,
322 1250 465 1312 carissime
492 1258 584 1325 Petre,
602 1271 656 1312 una
678 1271 741 1312 cum
762 1251 828 1312 dato
852 1251 888 1311 ad
911 1265 939 1312 te
962 1250 1053 1331 elegio,

132 1348 254 1410 carmine
268 1368 380 1429 quoque
401 1365 497 1410 nostro
520 1351 576 1411 tuis
592 1349 690 1410 litteris
716 1349 925 1428 responderem,
942 1368 1012 1429 quas
1034 1347 1056 1408 in

132 1446 403 1507 commendationem
429 1447 560 1508 Nicolai²
586 1446 742 1508 communis
766 1447 848 1506 amici
874 1446 963 1508 nostri
982 1444 1056 1507 michi

133 1543 254 1605 redditas
273 1562 446 1623 acceperam.
472 1545 524 1605 Sed
547 1545 604 1605 duo
631 1565 674 1604 me
700 1543 917 1624 prepediuerunt
944 1544 1057 1605 scribere

132 1640 309 1720 cupientem:
328 1662 424 1718 unum,
442 1642 581 1703 Dominici
597 1643 722 1704 inceium
734 1649 873 1702 Ascensus
888 1642 1057 1713 solemnitas,

132 1759 188 1819 que
212 1753 242 1799 ut
266 1739 398 1820 religiosa
412 1740 447 1801 ad
475 1759 531 1800 rem
547 1739 671 1801 divinam
697 1739 778 1800 nobis
799 1754 868 1813 erat,
892 1739 929 1800 ita
949 1737 1058 1801 solemni

134 1836 255 1897 maxime
269 1838 352 1915 epulo
378 1836 592 1912 distinebamur,
611 1836 723 1898 solliciti
752 1857 787 1897 ne
812 1837 879 1917 quid
911 1837 954 1897 vel
978 1837 1060 1897 minus

134 1933 246 1995 abunde
260 1935 304 1995 vel
322 1935 414 1996 minus
434 1935 581 2014 splendide
595 1934 691 1996 famuli
705 1935 895 1996 ministrarent
909 1956 916 2011 3
937 1937 1059 2006 alterum,

134 2051 170 2092 ne
187 2032 222 2092 ad
246 2032 371 2094 libellum
386 2053 469 2113 quem
484 2033 541 2093 adt
567 2048 594 2094 te
617 2032 778 2112 legabamus
794 2033 900 2094 irritam
914 2033 1061 2093 immovero

135 2129 280 2190 ridiculam
311 2130 583 2192 commendationem
612 2130 730 2208 adjicere
756 2145 851 2191 nostre
873 2131 965 2191 littere
993 2130 1063 2189 vide-

135 2242 239 2291 rentur.
269 2234 304 2289 Et
330 2248 393 2289 curn
426 2244 520 2290 nostra
547 2229 581 2287 ad
610 2243 636 2289 te
658 2228 919 2289 lucubratiuncula4
940 2227 1060 2297 ferretur,

134 2324 275 2405 ydoneum
304 2326 371 2386 satis
402 2341 496 2387 nostre
519 2326 547 2386 in
579 2341 605 2387 te
633 2326 758 2387 caritatis
790 2326 984 2386 testimonium
1011 2324 1063 2384 iore

135 2421 278 2499 putabam,
296 2423 370 2501 quod
388 2438 564 2501 spectaturus
577 2444 652 2484 esses
670 2423 827 2502 pollicitum
843 2422 926 2483 amici
950 2443 1062 2483 munus-

135 2519 239 2592 culum,
262 2519 307 2580 cui
330 2521 553 2581 commendando
576 2541 629 2580 non
656 2519 814 2581 deluturum
838 2539 899 2580 esse
921 2521 1062 2580 cernebam

135 2615 282 2677 Nicolaum
300 2632 438 2693 nostrum,
456 2619 545 2677 virum
562 2619 596 2677 de
612 2618 711 2679 litteris
735 2633 762 2679 et
786 2617 915 2678 doctrina
928 2638 1063 2696 quamop-

135 2713 202 2774 time
217 2714 343 2775 meritum
357 2735 365 2791 3
381 2715 460 2794 cujus
484 2735 547 2776 cum
564 2716 708 2776 urbanitas
729 2730 787 2776 tum
804 2735 913 2775 summa
933 2714 1066 2775 modestia

170 3001 188 3034 1.
208 2987 242 3034 Cl.
259 2987 447 3048 precedemment,
464 3003 487 3049 p.
505 2989 558 3047 258,
575 3004 598 3035 n.
617 3002 637 3048 3.

168 3073 190 3105 z.
208 3059 308 3121 Gaguin,
325 3060 417 3106 suivant
431 3075 472 3106 son
489 3060 606 3118 babitude,
622 3075 650 3107 ne
665 3061 741 3107 donne
760 3061 788 3107 de
802 3075 838 3107 ses
855 3074 1011 3123 personnages
1026 3074 1067 3120 que

135 3129 155 3176 le
167 3143 244 3176 nornen
259 3144 314 3176 sans
327 3130 347 3176 le
359 3144 480 3190 cognomen
491 3145 496 3190 ;
507 3132 525 3177 si
542 3132 592 3178 bien
605 3133 660 3192 qu'il
673 3142 707 3179 est
719 3142 818 3178 souvent
830 3132 971 3191 impossible,
983 3144 1066 3178 comme

135 3200 172 3258 ici,
189 3200 216 3248 de
232 3201 262 3248 les
277 3201 399 3250 identitier.
416 3208 446 3248 Cc
461 3203 551 3250 Nicolas
568 3217 595 3250 ne
615 3203 686 3264 ligure
701 3202 758 3249 dans
776 3216 865 3249 aucune
885 3202 924 3249 des
939 3217 1026 3250 oeuvres
1042 3202 1067 3248 de

137 3271 213 3319 Pierre
230 3277 310 3334 Burry.

171 3353 192 3403 3.
212 3349 238 3389 Α.
255 3353 282 3401 n,
297 3343 338 3390 fol.
357 3355 396 3404 73.

169 3429 191 3474 4.
211 3414 405 3462 Lubraciuncula.
418 3414 476 3462 lbid.
