2424 4036
585 314 764 392 „278-

666 672 701 732 30

517 847 615 919 (Paris,
633 866 666 904 20
683 846 736 922 juin
756 847 855 922 1479?)

235 1027 360 1090 Robertus
377 1028 516 1108 daguinus
540 1027 678 1089 Ambrosio
700 1028 881 1112 Cambrayw.
905 1028 1039 1111 [Epistola
1057 1029 1130 1108 xlii].

259 1225 407 1286 Volentem
423 1245 468 1285 me
486 1225 520 1284 ad
536 1239 564 1286 te
583 1225 689 1304 aliquid
717 1225 839 1286 scribere
864 1225 1027 1288 dehortatur
1053 1227 1152 1289 turbu-

218 1322 304 1384 lentia
320 1338 415 1384 nostre
430 1322 633 1402 tempestatis2,
645 1323 673 1384 in
687 1343 742 1403 qua
755 1323 822 1384 totis
833 1324 983 1385 momentis
998 1344 1076 1386 arma
1087 1345 1151 1387 con-

219 1420 369 1500 crepitant.
388 1421 573 1500 Occurritque
605 1421 725 1482 maxime
749 1422 817 1482 illud
838 1429 1005 1503 nugeronea
1035 1423 1150 1485 simula-

219 1519 316 1580 chrum
335 1519 379 1579 cui
395 1519 432 1580 ob
447 1520 607 1581 cautionem
624 1519 799 1581 taciturnatis
814 1520 854 1580 ori
865 1520 971 1601 digitus
988 1522 1147 1585 adherebat.

219 1625 254 1678 At
270 1637 334 1679 cum
348 1637 398 1696 per
413 1618 508 1678 orbem
531 1617 713 1678 christianum
744 1617 838 1678 animo
863 1618 1055 1692 circumferor,
1072 1640 1149 1700 repu-

217 1730 280 1776 tans
296 1729 365 1794 quot
380 1715 504 1794 undique
519 1716 591 1776 bella
607 1716 852 1796 circumstrepunt,
876 1716 924 1776 vin
945 1717 1053 1796 impero
1069 1718 1148 1779 michi

220 1813 374 1887 silentium,
393 1813 561 1892 miseretque
575 1813 712 1893 imprimis
733 1829 889 1874 nostrarum
909 1814 1074 1890 Galliarum,
1092 1817 1148 1896 qui·

219 1910 271 1971 bus
296 1910 362 1971 dum
388 1910 424 1970 ob
448 1911 531 1972 unius
561 1911 649 1972 hostis
679 1911 840 1972 inreritum
867 1911 1033 1991 sperabatur
1061 1915 1146 1993 quies,

219 2008 283 2068 inde
302 2008 500 2068 tumultuosior
528 2009 684 2069 concitatur
706 2009 824 2071 insania.
857 2009 943 2086 Cujus
967 2010 1006 2071 rei
1036 2011 1060 2072 si
1090 2011 1149 2090 quis

218 2104 405 2183 deprehensas
424 2103 545 2165 rationes
561 2105 725 2184 perscribat,
747 2105 849 2165 audere
868 2105 986 2166 nimium
1010 2107 1150 2186 putabitur

219 2201 285 2260 dum
302 2201 460 2280 principum
476 2217 538 2262 acta
554 2217 718 2277 contractat,
750 2222 867 2281 quorum
897 2203 1081 2284 introspicere
1107 2226 1149 2264 ar-

219 2299 308 2358 chana
323 2319 410 2379 prope
426 2300 566 2378 piaculum
583 2314 635 2363 est.
653 2307 726 2360 Inest
745 2315 836 2361 tamen
852 2300 992 2362 hodiernis
1002 2303 1084 2363 rebus
1100 2304 1151 2363 late

221 2411 319 2474 patens
336 2397 475 2457 scribendi
493 2417 584 2476 seges,
603 2418 657 2477 que
677 2398 711 2458 ad
727 2400 869 2475 cumulum
884 2399 997 2459 virtutis
1020 2415 1047 2460 et
1066 2401 1152 2480 glorie

222 2493 357 2554 Ludovrci
380 2494 445 2554 meti
463 2508 490 2554 et
516 2495 628 2575 colligit
649 2496 751 2573 possit.
776 2502 847 2555 Nam
872 2495 894 2554 si
909 2511 1057 2575 utramque
1072 2497 1151 2557 sortis

126 2595 129 2602 '
220 2589 320 2650 faciem
343 2607 464 2670 spectes,
476 2611 532 2651 non
554 2592 671 2652 deerunt
685 2592 794 2653 lortune
805 2593 878 2672 regis
895 2595 939 2653 vel
965 2592 1151 2655 miserationis

221 2689 263 2747 vel
301 2687 442 2748 felicitatis
473 2691 611 2767 exempla.
635 2689 747 2768 Quippe
768 2689 815 2768 qui
849 2690 1069 2750 adolescentiam
1098 2691 1152 2771 egit

221 2785 338 2846 summis
352 2785 483 2864 periculis
502 2786 639 2863 objectus,
655 2787 721 2845 dum
738 2787 802 2846 hinc
816 2787 850 2845 ad
860 2787 1011 2866 Dieppam,
1030 2788 1106 2848 illinc
1120 2788 1152 2847 ad

255 3069 274 3102 r.
293 3053 461 3111 Cf.ci-dessus,
478 3068 501 3114 p.
517 3066 570 3109 213.
582 3068 603 3099 n.
619 3065 654 3101 ro.

252 3139 274 3172 a.
294 3132 337 3172 Sur
347 3126 367 3171 la
383 3125 493 3172 situation
505 3125 615 3185 polirique
627 3135 649 3171 et
661 3125 680 3170 la
692 3139 772 3186 guerre
784 3134 875 3184 partout
886 3124 1002 3181 rollumee,
1016 3125 1045 3172 cf.
1058 3133 1152 3187 Legem,

220 3206 236 3243 1·
256 3202 283 3254 Η,
302 3210 340 3256 ll>-
361 3212 399 3257 335
418 3206 439 3243 et
455 3210 505 3256 sqq·

254 3282 275 3329 3.
295 3268 423 3329 Angerone‚
439 3267 516 3314 deesse
529 3268 558 3314 du
573 3268 664 3314 silence.

254 3353 276 3396 4.
297 3346 325 3384 La
340 3349 397 3385 mort
410 3339 437 3384 de
453 3339 544 3386 charles
556 3339 576 3385 le
588 3338 713 3388 Te'me'raire
726 3353 839 3389 surrenue
854 3340 874 3388 le
892 3353 900 3399 ς
914 3338 1004 3402 januier
1022 3354 1090 3404 ¹477·

255 3424 275 3474 ς.
294 3410 395 3477 colligit.
412 3419 439 3470 Α,
452 3409 492 3458 lol.
508 3424 545 3476 37.
