2424 4036
596 327 636 337 ··
661 311 716 371 334
737 326 776 337 ··
819 325 823 329 ·

219 425 320 507 peries,
348 426 537 506 equanimitas
558 440 606 487 tua
636 425 807 506 perbenigne
826 424 995 508 castigabit.
1020 427 1102 489 Vale.
1119 432 1155 486 Er

219 515 471 600 Parisiis‚''ix.kal.
492 519 619 587 Marcios

670 854 703 915 50
767 883 768 887 ¹

489 1023 634 1104 (Etampes‚
653 1048 685 1085 20
700 1047 766 1085 mars
787 1033 880 1102 1490.)

215 1199 340 1261 Robertus
362 1200 501 1278 Gaguirtus
523 1201 666 1262 Guillermo
686 1202 717 1261 de
744 1206 833 1281 Ruppe
856 1201 932 1260 Forri
958 1199 1143 1263 cancellario.

563 1299 694 1380 [Epistola
716 1298 797 1374 slim]

252 1499 402 1572 Nunquam
419 1513 462 1553 me
477 1491 576 1554 fallet²
592 1512 649 1554 non
660 1491 856 1573 rectecognita
867 1490 1038 1571 simplicitas
1049 1513 1057 1570 ;
1068 1491 1145 1552 habet

209 1589 283 1650 enim
300 1589 415 1651 insidias
428 1590 588 1671 religiosum
604 1604 808 1672 tegumentum,
820 1603 918 1651 etrum
931 1589 1056 1650 maxime
1066 1588 1142 1664 fallit,

212 1711 275 1753 cum
302 1690 383 1750 frdetn
405 1688 458 1749 sibi
477 1689 600 1750 habitam
623 1703 715 1769 putat.
742 1685 934 1768 Expectabam
953 1687 1143 1766 proculdubio

211 1788 391 1850 cantuarium
406 1788 484 1849 illum
503 1799 613 1848 senem³
631 1787 682 1847 iter
697 1806 730 1846 ert
750 1784 882 1846 Ambasia
896 1784 1081 1846 constituisse
1096 1791 1142 1844 Pa·

210 2028 285 2075 pierre
294 2034 362 2074 Lever
373 2037 498 2074 comesam
507 2027 529 2074 la
538 2027 605 2075 lettre
617 2027 645 2073 de
655 2026 781 2074 dedicacei
797 2027 888 2074 Bestius
897 2027 935 2087 (26
948 2027 1071 2075 de'cembre
1082 2027 1142 2089 1488)

208 2109 242 2145 est
254 2097 320 2146 date'e
337 2097 364 2145 de
377 2098 466 2144 l’anne'e
480 2100 536 2158 1489
550 2108 572 2144 et
584 2098 701 2158 imprime'e
714 2111 768 2144 avec
785 2098 804 2144 le
822 2099 986 2145 commentaire
1005 2098 1035 2145 de
1056 2100 1143 2146 charles

209 2168 322 2216 Fernand.
340 2175 372 2215 En
385 2169 444 2215 uoici
469 2170 489 2215 le
509 2169 642 2229 colophon:
661 2169 721 2215 Finit
739 2168 766 2216 de
786 2169 928 2215 mundissimo
951 2170 1052 2229 Virgt'nt‘s
1078 2169 1144 2216 Morio

208 2247 313 2300 conceptu
333 2254 373 2299 per
387 2240 504 2285 Robertum
524 2240 652 2300 Goguinum
667 2239 776 2286 adversus
797 2239 936 2286 vincentium
952 2240 980 2286 de
995 2245 1141 2297 castronovo,

208 2325 256 2356 curn
269 2312 427 2356 commentario
444 2311 522 2357 Caroli
535 2310 648 2356 Fornandt‘
662 2310 704 2358 uiri
718 2310 900 2368 eloquentissimi.
917 2310 1011 2357 Purt'sii.
1029 2316 1141 2359 M.CCCC.

207 2395 265 2427 nono
282 2381 345 2441 (sic),
362 2395 416 2426 avec
433 2380 580 2440 l’adjonction
594 2382 739 2435 manuscrite‚
754 2381 822 2426 d’une
835 2382 895 2426 main
912 2381 941 2426 du
956 2385 995 2427 xu⁶
1008 2396 1039 2437 s.,
1054 2381 1083 2427 du
1100 2391 1143 2427 mot

207 2451 378 2512 octo[gesim0]‚
395 2452 516 2498 au-clessus
531 2462 552 2498 et
569 2462 632 2498 entre
645 2457 725 2498 6666.
737 2462 759 2498 et
774 2465 830 2498 nono
841 2452 911 2505 [Bibl.
927 2452 1143 2499 sainte-Generieue

207 2530 253 2569 lnc.
272 2522 334 2582 562).
348 2523 407 2569 C'est
416 2537 456 2582 par
469 2536 546 2569 erreur
559 2522 630 2582 qu’un
643 2522 760 2569 deunieme
769 2523 904 2582 exemplaire
915 2522 976 2569 dece
989 2524 1081 2568 volume
1089 2523 1142 2569 dela

207 2593 278 2640 meme
293 2593 449 2653 bibliotheque
462 2598 519 2651 (luc.
533 2593 602 2654 ¹099)
620 2604 694 2653 porte,
706 2608 744 2639 sur
755 2594 774 2639 le
786 2594 913 2654 catalogue,
928 2595 947 2638 la
960 2593 1013 2640 date
1029 2594 1057 2640 de
1078 2606 1141 2653 ¹400·

207 2671 271 2711 Cette
283 2664 360 2710 lausse
375 2666 468 2718 lecture,
485 2677 529 2723 que
542 2665 589 2710 rien
606 2664 739 2721 n’autorise,
756 2678 767 2709 a
782 2665 868 2723 trompe'
888 2670 918 2710 Μ.
934 2665 1051 2726 copinger
1062 2666 1103 2724 qui
1116 2665 1141 2710 l’a

207 2735 349 2795 reproduite,
362 2735 408 2781 vol.
424 2741 440 2791 t,
455 2750 478 2794 p.
497 2749 512 2790 r,
527 2741 551 2779 n⁰
564 2733 632 2781 2608.
647 2736 662 2780 ll
675 2736 712 2796 n'y
724 2749 735 2780 a
748 2734 828 2794 jamais
842 2749 868 2780 eu
885 2735 971 2794 qu'une
983 2737 1046 2781 seule
1057 2735 1141 2782 edition

206 2807 233 2852 de
249 2821 274 2853 ce
289 2807 451 2852 commentaire
466 2806 506 2866 qui
520 2819 532 2852 a
549 2819 605 2865 paru
621 2821 648 2852 en
666 2809 732 2866 1489.

241 2892 260 2923 r.
279 2878 313 2922 Cf.
331 2877 520 2937 precedenrment,
536 2891 558 2936 pv
575 2891 628 2936 292,
646 2892 667 2922 n.
687 2890 706 2923 1.

239 2963 260 2994 2.
280 2950 381 2996 Falleret.
397 2959 423 3004 Α,
437 2949 477 2994 lol.
493 2960 531 3007 44.

239 3035 259 3079 3.
280 3020 371 3078 D'apre's
386 3019 559 3080 letemoignage
573 3018 600 3065 de
617 3025 691 3064 Bacon
701 3018 776 3079 quine
784 3019 825 3065 lait
836 3019 1003 3079 d’ailleursque
1011 3019 1143 3079 reproduire

205 3091 263 3136 celui
278 3089 306 3136 de
321 3089 432 3151 Polydoro
448 3090 539 3150 ungue,
553 3090 567 3135 il
581 3089 683 3150 s’agirait
698 3090 725 3135 de
739 3090 836 3136 Thomas
854 3089 979 3136 Goldstone
991 3104 1038 3149 que
1051 3105 1077 3137 ce
1092 3091 1141 3138 der·

206 3161 254 3207 nier
269 3162 357 3220 appelle
378 3176 389 3203 (ι
406 3160 577 3206 cantuariensis
594 3161 699 3206 coenobii
719 3160 832 3220 prefectus
854 3177 865 3204 u
888 3161 997 3220 (anglice
1023 3164 1081 3208 Hist.
1103 3163 1141 3208 lib.

204 3236 295 3288 XXVII,
311 3231 371 3287 fille,
393 3245 458 3291 1557,
475 3230 562 3288 in-lol.,
574 3245 597 3290 p.
615 3232 676 3292 582),
690 3242 711 3278 et
722 3237 806 3289 Baton,
822 3248 832 3274 u
852 3231 914 3277 Prior
926 3231 951 3277 ol
964 3231 1041 3279 Christ
1054 3233 1141 3279 Church

205 3300 227 3346 in
239 3302 383 3362 Canterbury
397 3320 407 3345 »
420 3303 474 3360 tl'lre
485 3302 581 3348 Historia
592 3303 618 3363 of
627 3304 662 3348 the
674 3303 758 3362 Roigne
769 3302 796 3363 os
803 3303 862 3362 King
872 3308 945 3362 Henry
958 3303 993 3348 the
1004 3305 1140 3361 Seventh...,

205 3371 313 3429 Londres,
334 3375 400 3431 1622,
415 3373 504 3431 insol„
523 3387 545 3432 p.
566 3376 615 3434 94),
637 3374 653 3419 ll
669 3388 682 3435 y
698 3387 710 3418 a
726 3371 746 3418 n
768 3386 812 3419 une
827 3372 911 3419 double
932 3386 1025 3419 erreur:
1047 3373 1141 3420 d’abord
