2424 4036
513 342 689 383 -220-

133 477 208 519 ceres
223 457 348 538 profecto
362 457 502 519 hominem
530 477 564 519 ex
587 457 674 518 nimio
691 457 821 520 incendio
842 456 870 519 in
887 457 1043 520 altissimas
1057 471 1061 500 ¹

133 570 248 635 repente
261 556 339 617 nives
353 556 440 617 fuisse
454 556 622 619 demersum.
633 556 753 617 Discedo
768 570 916 636 propterea
925 555 962 617 ab
973 576 1007 618 eo
1020 556 1067 638 qui

133 672 189 714 non
205 654 307 735 dignus
320 669 393 716 esset
406 673 422 713 a
437 673 493 733 quo
509 654 631 716 levitatis
648 674 747 716 causas
767 653 942 734 exquirerem
954 666 978 718 ².
997 663 1066 716 Nam

133 752 200 830 quid
215 752 369 813 arundineo
384 752 470 813 facias
494 753 668 832 promissori,
686 753 734 833 qui
764 766 907 813 momento
922 753 1016 815 varias
1040 753 1068 814 in

134 864 227 929 partes
247 850 384 912 inclinat?
403 857 492 934 Qram
511 851 617 911 sincere
636 851 663 911 id
683 851 780 925 feram,
798 870 831 911 ex
856 851 926 912 meis
943 852 1068 913 moribus

135 967 232 1027 pensa.
250 948 397 1009 Hominem
415 947 529 1028 quidem
542 948 618 1018 rideo
634 949 718 1010 michi
733 969 789 1010 non
816 969 915 1029 parum
940 948 1068 1010 infensus

134 1046 182 1126 qui
197 1065 294 1126 parere
312 1047 400 1107 habeo
417 1046 656 1107 effeminatissimo
674 1046 807 1110 delusori.
826 1047 876 1109 Cui
894 1067 946 1127 pro
961 1067 1022 1108 sua·
1041 1047 1070 1108 in

135 1163 217 1204 omne
231 1158 341 1223 tempus
354 1143 523 1225 hystrionica
538 1143 651 1206 levitate
666 1144 733 1205 illud
747 1145 783 1205 ab
795 1144 938 1223 [Hloratio
949 1164 1071 1225 respon-

135 1261 196 1302 sum
219 1256 276 1303 sit:

258 1385 329 1465 Qnd
350 1397 423 1445 lanto
437 1386 548 1464 dignum
562 1386 680 1465 ferellric
693 1386 838 1467 promissor
850 1386 958 1469 lryalu?

256 1483 418 1544 Parrlrimt
432 1496 542 1562 montes,
557 1497 677 1546 nascetur
690 1485 818 1546 ridiculos
834 1498 920 1549 most.

176 1632 254 1694 Vale.
276 1638 316 1692 Ex
331 1634 400 1694 cella
420 1654 481 1697 mea
495 1635 569 1716 apud
588 1634 741 1696 Maturinos
758 1632 941 1712 Parisiorum,
960 1655 991 1700 x.
1009 1634 1067 1697 kal.

135 1727 235 1808 julliir.

588 1966 620 2006 lO

396 2141 495 2214 (Paris,
514 2161 545 2216 30
560 2144 702 2218 septembre
724 2146 813 2216 1471.)

185 2321 308 2383 solenus
319 2323 456 2402 Gogor'nos
473 2325 616 2385 Golllermo
632 2324 754 2385 Ficlzetot
774 2325 893 2403 theologo
907 2325 1021 2389 doctori.

532 2422 662 2502 [Epistola
683 2425 723 2499 xl.

178 2617 317 2679 Confectis
341 2638 416 2679 ame
435 2633 550 2698 proma
572 2620 605 2678 ad
623 2618 801 2697 pontificem6
824 2620 1069 2681 commendatione

173 2872 191 2906 1.
213 2857 342 2906 nlmsimas.
359 2865 384 2914 Α,
400 2858 440 2905 sol.
457 2872 479 2903 vr
493 2861 526 2904 v⁰.

170 2945 191 2976 2.
209 2930 362 2990 Erqnirerem.
381 2930 437 2976 lbid.

171 3014 192 3062 3.
212 3007 308 3057 Horace,
322 3010 362 3048 Ars
376 3000 472 3060 poetica,
487 3016 509 3048 v.
528 3003 578 3058 138,
595 3014 646 3060 ¹39·

168 3086 191 3133 4.
209 3072 382 3128 1111111111
399 3082 420 3118 et
439 3079 464 3127 Β,
479 3073 550 3118 forme
567 3074 698 3129 incorrecte,
716 3073 771 3117 mais
787 3072 954 3132 frequemmenr
971 3073 1071 3134 adoptc'e

138 3158 179 3204 par
188 3144 276 3205 Gaguin
289 3143 346 3189 dans
359 3157 400 3189 son
413 3143 529 3189 Me'morial
539 3144 689 3203 autograplie.
704 3143 778 3190 Ficlrer
791 3143 846 3189 ecrit
856 3144 985 3205 egolement
996 3144 1068 3203 jullii,

137 3217 178 3261 lai.
198 3228 254 3275 5494
270 3224 295 3269 Α,
308 3213 348 3260 sol.
365 3229 391 3270 50
406 3219 429 3261 11ο
444 3215 616 3275 (autographe).

172 3300 192 3346 ς,
210 3285 336 3332 Guillaume
352 3286 427 3332 Fichet
441 3287 521 3345 naquit
534 3287 553 3331 le
572 3289 597 3332 16
609 3286 737 3345 septembre
754 3298 820 3346 1433,
833 3299 861 3331 au
877 3285 1068 3344 Petit-Rornand,

138 3373 165 3405 en
188 3358 304 3418 Faucigny
323 3357 524 3415 (arrondissemenr
542 3357 570 3403 de
591 3357 729 3413 Bonneville,
748 3356 933 3418 flaute-savoie).
951 3359 968 3405 ll
989 3358 1015 3405 fit
1034 3373 1070 3411 ses

136 3429 216 3478 eludes
235 3443 263 3476 au
281 3428 365 3491 college
379 3427 507 3493 d’nvignon
522 3427 575 3476 d'olr
595 3429 610 3474 il
631 3429 701 3492 partit
716 3443 743 3476 en
765 3442 818 3491 1455
838 3443 896 3490 pour
912 3429 985 3478 Paris.
1003 3431 1020 3478 ll
1035 3429 1073 3478 lut
