2424 4036
600 284 779 361 ..ΓΙ-8...

223 422 318 497 trabit,
339 420 366 481 id
386 438 477 481 meum
493 438 555 480 esse
568 418 730 483 vindicabo.
752 424 849 499 ltaque
863 418 1099 502 quandoquidem
1117 420 1154 483 in-

223 518 377 603 gratissimi
387 531 429 579 cst
437 517 522 578 animi
538 516 736 578 beneficiorum
751 536 812 579 esse
826 516 1034 595 immemorem,
1041 519 1153 583 feracis·

223 620 316 680 simos
326 616 375 695 qui
385 613 599 695 multiplicatam
610 629 762 676 sementem
778 613 899 676 reddunt
912 633 999 697 agros
1013 616 1152 691 imitabor,

222 734 315 795 neque
340 714 430 775 sinam
459 712 561 774 vestris
584 732 629 773 me
650 712 812 774 muneribus
833 711 946 774 abunde
967 716 1153 791 cumulatum,

223 814 357 895 ignavum
381 826 429 873 aut
460 810 602 892 ingratum
622 809 771 886 nominari,
790 809 839 889 qui
862 827 1042 891 compertum
1068 814 1154 875 habeo

221 926 360 990 quantum
384 910 402 971 ii
427 910 474 989 qui
493 909 545 970 hoc
565 907 640 969 vicio
659 908 835 985 sordescunt,
863 908 961 970 nichili
985 910 1152 975 habeantur.

221 1011 273 1070 Sed
288 1029 343 1089 que
363 1023 455 1069 vestra
469 1005 552 1067 michi
567 1006 726 1088 benignitas
740 1022 825 1087 atque
841 1007 1035 1071 munificentia
1049 1010 1153 1090 impar·

220 1107 294 1182 tivit,
306 1125 337 1168 ea
351 1105 445 1167 omnia
454 1104 547 1184 quoad
561 1104 619 1165 vita
629 1102 765 1185 defungar
776 1104 909 1165 memoria
919 1106 1086 1171 continebo.
1101 1114 1155 1169 Vos

218 1220 326 1281 autem,
352 1203 455 1282 quibus
470 1222 580 1282 semper
598 1200 650 1263 fuit
664 1201 693 1262 in
715 1202 805 1263 bonos
823 1201 938 1264 dilectio
956 1216 1045 1284 atque
1067 1224 1154 1279 amor,

220 1300 348 1382 inprimis
368 1300 536 1375 observabo,
563 1299 705 1379 michique
729 1319 893 1379 persuasum
918 1299 1023 1362 faciam
1047 1316 1155 1365 tantum

220 1399 301 1459 vobis
314 1419 358 1459 me
372 1398 473 1459 debere
483 1417 566 1477 quem
577 1397 606 1456 in
618 1398 707 1458 lucem
716 1397 870 1459 litterarum
883 1396 1051 1474 demisistis,
1069 1418 1155 1480 quan-

221 1512 279 1557 tum
292 1496 436 1576 piissimus
449 1496 570 1575 quisque
583 1494 723 1555 obnoxius
738 1495 901 1575 parentibus
913 1514 975 1555 esse
990 1495 1090 1562 debet.
1105 1497 1155 1557 Sed

221 1615 273 1656 vos
290 1596 401 1656 demum
420 1594 561 1674 {quoniam
583 1592 667 1654 michi
690 1593 718 1653 in
740 1608 887 1673 parentum
909 1593 973 1654 loco
993 1594 1156 1673 succeditis]

220 1713 269 1755 oro
298 1708 383 1773 atque
409 1693 527 1753 obsecro
543 1711 591 1771 per
612 1699 701 1751 Deum
725 1691 921 1767 immortalem,
947 1690 970 1752 si
992 1691 1079 1753 michi
1102 1711 1157 1754 non

218 1793 302 1852 deero
317 1792 473 1852 doctrinam
484 1789 619 1869 cupienti,
637 1788 660 1850 si
675 1788 839 1871 intelligetis
850 1803 971 1851 vestram
986 1790 1016 1851 in
1031 1809 1078 1851 me
1093 1809 1157 1871 ope·

155 1914 161 1925 ·
221 1909 279 1949 tarn
293 1909 350 1950 non
371 1888 472 1950 frustra
492 1887 628 1966 impendi,
645 1887 717 1947 haud
739 1886 868 1952 desistite
882 1886 1043 1963 subvenire,
1066 1902 1099 1949 ut
1115 1907 1157 1947 me

220 1987 291 2048 forte
300 1987 451 2065 aliquando
461 2005 516 2047 non
524 1984 705 2064 insipientem
717 1984 987 2065 nequeineruditum
995 1984 1031 2045 ad
1041 1972 1087 2047 res
1097 2005 1156 2047 ves·

220 2085 253 2146 tri
268 2085 381 2145 Ordinis
405 2083 562 2145 adsciscere
576 2081 692 2162 possitis
709 2080 876 2161 adjutorem.
893 2082 1156 2165 Valete,benignis·

219 2181 282 2242 simi
297 2197 400 2261 patres.
412 2190 451 2242 Er
463 2182 533 2242 silva
546 2188 634 2260 Nepe,
651 2180 694 2259 iij.
712 2181 776 2241 Idus
793 2180 907 2260 Aprilis.
925 2187 964 2244 M.
981 2199 1059 2246 cccc.
1076 2181 1124 2260 lxij
1137 2192 1154 2244 ¹.

669 2437 703 2492 W

517 2633 855 2705 ffmmtomMrspdl

305 2777 426 2838 ltohcrtus
445 2777 583 2855 daguinus
597 2777 694 2836 loanni
710 2776 850 2839 ntorum.
869 2775 1000 2856 [Epistola
1018 2777 1073 2854 tri}

262 2976 393 3047 aberam,
412 2981 530 3034 loannes
547 2972 701 3047 carissime,
712 2991 775 3033 curn
792 2972 897 3033 litteras
913 2986 976 3033 tuas
991 2972 1156 3034 tabellarius

256 3193 275 3224 r.
293 3179 328 3224 Cf.
343 3180 363 3224 la
379 3181 456 3225 llott'cc
469 3178 639 3239 biographiqut,
656 3191 678 3237 p.
699 3178 733 3224 16.

254 3265 275 3296 2.
295 3255 357 3295 Nous
371 3263 398 3295 ne
414 3250 564 3296 connaissons
581 3250 673 3295 Navelle
685 3262 730 3308 que
740 3262 781 3308 par
793 3260 851 3296 cette
864 3250 929 3296 lettre
942 3248 970 3295 de
982 3249 1074 3311 Gaguin
1085 3261 1109 3298 et
1121 3263 1160 3311 par

220 3321 278 3367 deux
294 3320 406 3366 mentions
422 3321 452 3366 du
469 3322 523 3368 livre
539 3321 578 3366 des
592 3331 694 3380 comptes
708 3320 736 3366 de
750 3326 848 3367 laurent
870 3321 962 3367 Poutrel
979 3334 1008 3366 ou
1031 3322 1158 3379 Pousterel,

220 3391 292 3452 grand
306 3390 392 3437 bedeau
406 3390 432 3437 de
447 3393 466 3437 lu
482 3391 571 3438 l'acultc'
588 3391 614 3437 de
630 3390 743 3452 theologie
757 3390 783 3436 de
802 3391 872 3437 Paris.
890 3397 984 3451 Recepta
999 3391 1159 3439 abaccalarir's
